2988 4890
277 207 392 266 Leonte
411 189 494 265 xiil.
515 213 561 265 zet.
581 227 631 280 up.
650 207 692 266 ud
709 206 791 265 arcio.
815 206 906 266 Dubl.
925 209 951 265 1.
970 210 1045 268 Jarc.
1063 212 1148 268 1883.
1270 193 1333 260 431

69 385 283 472 providentie
316 383 397 448 effici
424 384 459 448 ut
490 383 583 449 laetis
613 382 781 466 patientiae
803 383 835 448 et
857 401 984 449 suarum
1008 383 1159 451 virtutum
1182 383 1335 453 fructibus

71 493 162 556 boni
185 490 342 566 fruantur,
373 486 470 552 malos
494 489 599 552 contra
621 487 708 552 vanis
731 486 890 551 laboribus
913 489 1089 571 perfunctos
1109 489 1257 574 gravibus
1278 490 1336 555 Dei

73 597 183 679 atque
214 592 372 658 hominum
402 591 528 675 judiciis
559 592 693 658 subesse
740 591 822 656 Dum
845 591 922 658 baec
945 611 1219 658 commemoramus
1241 613 1277 660 er
1300 612 1337 659 ea

75 697 230 782 cupidita
198 698 278 777 ts,te
311 715 371 779 qua
394 696 557 775 solatium,
589 695 800 792 tranquillitta
767 715 868 774 a,ern
900 696 1136 780 prosperitatem
1159 697 1255 764 totius
1278 698 1336 762 Hi-

76 804 217 870 berniae
248 801 405 884 cupimus,
442 799 572 898 minime
602 782 798 909 dubitamus,
835 800 948 866 dilecto
917 799 1016 865 tfili
1040 801 1173 880 Noster,
1203 801 1336 885 quintu

79 908 297 992 Collegaequc
318 904 367 970 tui
389 875 590 970 consortitos
613 877 733 987 serirpcr
756 904 868 968 animle
893 891 929 968 et
956 905 1068 970 caritat
1036 907 1088 970 ate
1118 905 1295 971 fraterna
1286 927 1334 970 rn-

79 1013 191 1097 vicem
212 1010 355 1110 iuncti
342 1010 429 1094 satut
394 1027 513 1096 narem
538 1027 660 1125 operam
689 1008 824 1102 conferre
850 1009 961 1108 pepgat
962 1009 1062 1095 is-,u
1042 1009 1211 1103 rrtfidples
1242 1010 1337 1076 uestri

82 1115 171 1180 nihil
194 1113 255 1216 sibi
277 1131 437 1198 commune
460 1131 526 1178 esse
525 1132 587 1206 pa
588 1113 670 1178 ran
671 1131 708 1204 ur
737 1132 808 1201 curn
836 1112 891 1192 iis,
924 1113 977 1210 qui
1010 1114 1074 1196 suis
1111 1114 1266 1215 cupiditat
1233 1090 1336 1180 atibus

82 1215 242 1304 praecipit
237 1201 281 1284 cs
298 1237 364 1282 sese
387 1216 425 1282 de
448 1237 486 1302 pa
487 1198 549 1282 tria
571 1195 759 1296 benemcrcri
782 1219 839 1300 put
825 1216 912 1298 tant,
945 1217 1018 1282 dum
1045 1238 1077 1283 se
1086 1191 1265 1312 ς3αιιιιιια
1270 1237 1337 1283 αθθ-

84 1320 208 1388 lenibus
231 1304 474 1406 obstringunt’
465 1342 496 1386 m
521 1321 659 1387 eamdem
683 1305 804 1420 prauita
787 1321 869 1385 atem
893 1318 969 1399 alios
984 1302 1161 1406 impellunt,
1136 1321 1337 1389 tsrtcausae

85 1427 233 1512 publicae
256 1430 377 1510 turpem
401 1426 505 1490 labem
528 1413 666 1490 inurunt.
708 1424 775 1489 Hoc
798 1425 938 1490 sacerdot
924 1423 999 1491 talis
1023 1426 1081 1490 zeli
1104 1425 1276 1491 ministerio
1293 1427 1337 1492 le

87 1552 190 1619 nuper
209 1531 368 1616 praeclare
387 1528 587 1612 perfunctum
611 1543 678 1593 esse
700 1529 873 1607 lactamur,
894 1529 1018 1594 dilecte
1040 1528 1086 1595 fill
1107 1531 1241 1610 Noster,
1266 1550 1337 1598 cum

87 1635 225 1702 insidias
244 1638 280 1700 et
300 1633 455 1718 periculus
473 1631 651 1698 catholicae
675 1632 736 1698 isti
756 1632 919 1716 juventuti·
937 1634 1124 1717 comparata
1138 1635 1338 1718 conspiciens,

88 1739 280 1824 pastoralem
294 1738 466 1821 epistulam
481 1737 632 1802 edendam
649 1737 778 1814 curasti,
800 1755 861 1820 qua
877 1737 1053 1821 hujusmodi
1066 1739 1204 1822 pericula
1212 1739 1340 1822 'publice

91 1843 311 1920 denunciarent,
330 1841 533 1925 uigilantium
556 1840 696 1906 fidolium
718 1856 871 1921 adureres,¹
868 1843 922 1907 et
931 1834 1043 1908 'corum
1057 1843 1180 1920 .,saluti
1202 1861 1273 1909 narro
1279 1863 1339 1908 non

91 1948 254 2032 religionis
277 1947 309 2012 et
331 1947 449 2030 patriae
472 1946 551 2014 bone
575 1946 759 2012 consuleres
846 1991 879 2006 «,
926 1996 939 2004 .,
1022 1977 1039 2005 ·.
1255 1977 1259 1984 ι
1328 1997 1330 2004 s

105 2075 109 2110 ι
201 2053 269 2117 Hae
298 2071 389 2134 porro
423 2053 511 2116 mm
525 2069 637 2134 graver
667 2049 835 2133 pastoralis
865 2050 1001 2115 muneris
1022 2068 1123 2116 curae
1149 2055 1210 2116 et
1207 1996 1340 2136 publica

94 2157 200 2240 populi
223 2156 355 2220 Hiberni
377 2173 470 2221 causa
493 2154 622 2218 omnino
640 2154 820 2237 requirunt,
851 2156 887 2218 ut
913 2155 1116 2230 ecclesiastici
1143 2155 1259 2220 ordinis
1283 2156 1340 2221 viri

94 2277 162 2326 sese
182 2260 338 2343 adjutores
361 2260 530 2342 praeberunt
550 2258 732 2322 Praetoribus
749 2258 837 2336 ¹suis,
870 2259 1003 2342 scipsis
1033 2259 1064 2323 in
1094 2259 1208 2325 ciuium
1228 2261 1340 2328 animis

95 2363 291 2429 moderandis
311 2364 344 2427 ct
366 2363 650 2446 perturbationibus
671 2363 804 2446 publicis
819 2363 1062 2446 compescendis
1088 2363 1180 2429 *suiarn
1215 2382 1340 2448 oporam
1466 2345 1472 2350 ¹

96 2468 229 2537 fideliter
249 2470 371 2533 navent.
418 2467 639 2531 Verumtamen
668 2467 707 2531 ad
736 2467 818 2532 bano
837 2468 1014 2535 ,salutarem
1045 2468 1107 2535 'uim
1138 2469 1225 2532 sacri
1247 2470 1340 2534 mini-

96 2574 185 2638 sterii
204 2571 360 2655 propriam
383 2570 591 2650 exercendam,
614 2572 641 2636 si
665 2573 777 2655 agetur
799 2572 981 2654 praesertim
1000 2572 1037 2636 de
1053 2571 1253 2656 popularibus
1268 2581 1340 2638 oon·

97 2677 240 2741 ventibus
262 2675 295 2739 in
319 2675 430 2758 quibus
452 2693 566 2758 magno
588 2676 761 2740 animorum
783 2679 872 2741 aestu
894 2676 932 2740 de
953 2695 1048 2741 causa
1069 2676 1194 2759 publica
1215 2677 1341 2761 descepe

98 2783 194 2859 tatur,
218 2781 250 2845 et
267 2780 409 2844 ciuilium
425 2779 688 2844 concertationum
704 2779 855 2870 procellae
871 2783 1111 2859 commoventur,
1134 2784 1339 2864 opportunum

99 2886 162 2950 foro
183 2884 345 2950 consilium
368 2887 532 2966 putamus,
564 2883 589 2947 si
625 2883 723 2948 firmis
753 2883 791 2947 iis
808 2923 811 2932 -
826 2885 1021 2949 manentibus
1048 2903 1126 2968 quae
1154 2885 1191 2950 de
1219 2886 1340 2970 Juniore

100 2988 187 3054 Clcro
207 2988 398 3064 decrevistis,
431 2987 470 3052 iis
505 2989 628 3051 tantum
662 2987 880 3052 ecclesiasticis
916 2989 990 3053 uiris
1023 2979 1146 3052 eo'sdem
1174 2990 1341 3054 conventus

101 3093 232 3160 adeundi
255 3091 378 3160 ueniam·
396 3089 591 3162 tribuendam
615 3091 819 3171 censueritis,
846 3091 875 3154 in
908 3111 1037 3174 quorum
1068 3093 1271 3175 potissimum·
1287 3111 1339 3155 sa-

101 3197 212 3281 pientio
237 3195 404 3274 confiditis,
436 3199 468 3260 et
494 3194 661 3278 inquibus
685 3196 833 3258 maturior
857 3196 943 3259 aetas
964 3212 1001 3258 ac
1021 3213 1095 3259 usus
1116 3213 1217 3259 rerum
1241 3193 1341 3259 effecit

102 3304 138 3366 ut
157 3301 336 3384 prudentia,
360 3299 493 3366 consilio
516 3301 548 3364 et
568 3299 757 3364 aructoritate
778 3303 953 3382 praestent,
978 3300 1106 3382 ideoque
1129 3299 1246 3382 possint
1266 3314 1341 3381 prae

103 3406 211 3474 ceteris
227 3407 406 3470 concitatae
430 3404 625 3469 multitudini
644 3404 683 3468 ad
706 3407 791 3468 recta
813 3406 848 3468 et
871 3405 1001 3469 honesta
1020 3404 1113 3469 duces
1137 3416 1221 3482 esse,
1238 3402 1341 3467 lalla-

103 3511 185 3574 cibus
207 3509 415 3593 improborum
437 3509 564 3592 judiciis
587 3528 762 3586 occurrere,
795 3508 889 3574 officii
920 3508 1054 3574 rationes
1086 3509 1186 3586 tueri,
1220 3527 1256 3572 ac
1287 3507 1342 3571 de·

104 3615 233 3680 sensuros
260 3633 326 3680 esse
347 3613 456 3696 optimi
480 3614 615 3696 partium
639 3613 835 3694 optimarum.
882 3612 951 3676 Hac
971 3612 1091 3676 ratione
1113 3614 1146 3676 et
1166 3612 1215 3675 via
1238 3631 1340 3675 sacer·

104 3719 211 3784 dotalis
245 3718 319 3784 ordo
353 3720 513 3800 tamquam
549 3717 581 3781 in
611 3717 735 3800 specula
759 3717 930 3780 communis
953 3716 1063 3780 salutis
1084 3719 1115 3780 ct
1139 3717 1171 3780 in
1190 3715 1341 3798 praesidio

105 3822 285 3905 reipublicae
308 3842 326 3888 a
350 3823 444 3887 Vobis
467 3822 646 3899 collocatus,
671 3840 800 3904 magnas
822 3822 942 3903 patriae
965 3820 1130 3898 utilitates,
1155 3822 1187 3883 ιιι
1207 3821 1245 3884 lis
1268 3821 1339 3902 qui-

106 3929 159 3994 bus
174 3929 314 4010 jactatur
334 3926 488 4002 fluctibus,
512 3927 560 3990 est
583 3925 748 3990 allaturus.

202 4032 272 4096 Hac
293 4031 419 4095 demum
443 4030 601 4094 occasione
623 4029 872 4111 praetermittere
892 4047 951 4092 non
975 4046 1153 4111 possumne,
1171 4029 1255 4110 puin
1288 4027 1340 4106 Te,

107 4137 212 4202 dilecte
233 4137 293 4201 nni
315 4137 441 4211 Noster,
466 4135 602 4218 aliosque
626 4133 692 4199 VV.
716 4134 776 4198 llll.
800 4133 968 4197 Hiberniae
992 4133 1022 4196 in
1047 4135 1167 4215 partem
1190 4132 1337 4196 sollicitu-

107 4241 181 4306 dinis
203 4241 336 4307 Nostrae
356 4241 480 4306 rocatos
503 4239 709 4322 peculiaribus
732 4237 1007 4302 commendationis
1029 4238 1061 4301 et
1083 4235 1258 4302 dilectionis
1277 4237 1341 4301 No·

108 4348 183 4411 strae
196 4346 344 4425 ¹sensibus
375 4363 613 4427 prosequamur,
638 4346 762 4425 propter
790 4360 842 4406 eas
866 4361 957 4405 curas
978 4360 1054 4425 quas
1078 4340 1116 4405 ad
1140 4358 1266 4406 causam
1289 4359 1342 4405 ca·

108 4450 235 4515 thelicae
262 4449 470 4514 institutionis
499 4448 674 4531 juventutis
703 4449 824 4512 restrae
857 4445 1021 4526 tuendam,
1060 4449 1092 4510 et
1123 4446 1342 4512 Universitatis

110 4554 269 4620 catholicae
299 4555 416 4621 statum
440 4552 684 4620 conservandum
714 4552 869 4618 communi
901 4551 1005 4618 storbo
1031 4551 1225 4631 contulistis,
1255 4550 1342 4616 initis

1355 4789 1373 4854 ,
