2988 4890
62 1 322 36 “WW⁷.*='T¹‘·'‘
344 1 350 4 -
363 1 412 12 ,.ΨῚ
446 1 471 4 ...

119 42 124 53 ι
148 28 176 64 :¹
238 32 241 41 ¹

105 273 168 328 Leo
187 271 274 326 Alli.-
291 273 317 325 l.
337 269 531 326 Mdrs1883s
550 271 727 342 detinerenq'
747 273 776 325 d.
798 271 981 326 ermentrude.
1002 269 1081 326 Seme
1100 274 1136 324 ne
1156 267 1240 325 idom.
1283 249 1346 316 427

103 441 458 526 quonium-plurimum
480 436 520 507 'in
534 442 699 507 '‘Armeuia
719 451 864 508 curarum
887 441 1043 526 studiique
1058 436 1350 506 'somenoerobra

102 545 186 624 ficos,
209 546 381 612 decessores
404 546 542 624 Nostros,
566 547 805 629 consumpsisse:
832 546 924 629 idque
951 565 987 611 eo
1007 550 1127 628 semper
1150 543 1278 610 consilio
1299 545 1350 624 nt,

101 649 203 732 quoad
220 645 280 732 ‘per
302 667 354 715 eos
376 649 442 715 fleri
464 652 585 733 posset,
614 653 878 716 conservarentur·
892 650 974 733 apud
998 643 1249 726 Armenios'eas'
1267 667 1347 732 quae

102 754 256 819 habentur
279 769 394 838 magua
417 754 449 818 in
472 754 654 819 civitatibus
678 755 933 833 benavnimirum
956 755 1097 838 dignitas
1117 746 1252 836 publica,
1273 771 1353 818 nores³

102 857 216 936 cordia,
240 858 460 943 tranquillitas,
485 859 526 937 et,
548 855 710 942 quodbis·
726 859 868 924 omuibus
890 859 982 944 longe
1003 855 1169 932 antecedit,
1195 852 1268 921 ndei
1293 875 1346 920 ea-

103 961 238 1028 tholicae
271 961 423 1028 sanctitas
456 981 517 1026 unu
551 966 631 1027 cum?
658 963 837 1047 incorrupta
869 957 991 1028 morum
1024 961 1346 1028 carlmannum-iul

102 1067 260 1150 tegritatc.
520 1085 536 1118 ⁵
652 1099 654 1106 ·
726 1091 729 1096 ·
872 1097 875 1103 ·
932 1086 935 1105 ¹
989 1090 991 1099 ¹
1083 1083 1086 1093 ’
1274 1085 1287 1106 *⁴

173 1167 295 1250 ‘Quod
329 1187 404 1237 sano
437 1189 496 1236 non
529 1171 639 1255 priscis
671 1171 836 1237 dumtaxat
867 1167 1025 1237 aetatibus
1059 1167 1345 1252 difficilioribusque

103 1275 303 1358 temporibus,¹
325 1275 377 1339 sed
393 1275 566 1342 *recentiore
590 1275 693 1340 ctiam*
709 1276 857 1340 memoria
879 1273 962 1339 baud
986 1271 1353 1356 semel-apperuisset,

104 1377 227 1460 quidem
251 1378 394 1444 Urbanus
415 1379 522 1458 Vlll.,
554 1379 700 1468 admissis
720 1380 935 1445 Armeniorum
960 1378 1094 1443 alumnis
1115 1379 1149 1442 in
1171 1371 1345 1460 Obilogium

103 1481 256 1546 urbanum
279 1481 447 1548 christiano
466 1483 587 1548 :nomini
610 1483 824 1568 propagando:
840 1483 1042 1550 ‘Benedictus
1065 1477 1345 1560 arusiensem

104 1585 325 1649 Patriacbatns
348 1585 521 1653 Ciliciensis
543 1586 725 1671 dignitates
739 1587 908 1672 Gregorius
925 1585 1030 1664 xvi,
1042 1585 1184 1651 ordinata
1203 1582 1345 1650 roDioe-

101 1707 205 1754 ceseos
227 1688 594 1773 Constantinopolitanae,
614 1692 788 1775 collataque
808 1692 979 1758 liberaliter
994 1709 1094 1775 opera
1109 1691 1143 1755 in
1159 1686 1343 1772 hospitalem

98 1792 227 1858 domum
250 1794 397 1859 urbanam
421 1796 592 1881 peregrinis
615 1812 651 1860 cx
674 1795 821 1862 Armenia
843 1795 1046 1880 recipiendis,
1075 1793 1267 1877 praeclaram
1291 1812 1344 1857 vc-

97 1897 259 1962 luntatem
278 1915 421 1962 suumne
444 1897 511 1982 ipsu
532 1899 643 1964 testati
665 1903 748 1968 sunt.
780 1902 857 1966 Prae
880 1899 991 1966 esteris
1012 1915 1085 1964 vero
1109 1893 1350 1982 permansurum

97 1999 220 2066 est'Pii
241 2001 328 2067 Vlll.
350 2001 726 2088 beneficiumetlgratia,
757 2004 850 2090 cujus*
872 2003 1071 2087 potissimum
1093 1997 1248 2067 instantia
1266 2018 1342 2066 con-

98 2103 250 2188 silioque,
277 2104 491 2170 adnitentibus
514 2108 598 2192 ltege
618 2108 792 2174 Galliarum
817 2113 848 2174 et
872 2107 1231 2192 imperarucnneuiee
1250 2103 1342 2170 Hun-

99 2207 224 2293 gerloc,
246 2207 325 2273 illud
348 2210 456 2275 est-ab
479 2211 648 2278 Otbomaul
672 2213 797 2297 imperii·
813 2214 952 2297 principe
975 2211 1261 2296 impetratumque
1282 2211 1343 2274 Ar-

99 2312 217 2378 menios
245 2313 400 2379 eatbolioo
430 2315 494 2380 ritu
522 2332 542 2380 a
562 2317 831 2386 schismaticorum
854 2317 1036 2384 antistitum
1057 2316 1207 2380 servitute
1230 2315 1342 2379 liberos

73 2429 169 2482 'esso
191 2437 244 2500 pro
264 2418 419 2500 potestate
438 2419 571 2502 juberet.
617 2422 684 2504 Quo
706 2422 787 2488 facte
811 2421 960 2487 Pontifex*
976 2419 1129 2486 beneficus
1144 2418 1342 2502 sompnus,

97 2520 387 2600 primatialisedo,
405 2523 459 2587 'cui
484 2540 588 2591 omnes
610 2545 647 2590 ex
668 2524 816 2591 Armenia
829 2526 976 2591 catholici
993 2525 1167 2603 subessent
1190 2523 1342 2588 donstan-

93 2624 228 2707 tinopoli
251 2625 429 2707 constituta,
453 2627 655 2693 incommodis
677 2630 832 2695 diuturnis
854 2629 955 2714 iisque
976 2629 1153 2714 permagnis
1174 2626 1342 2693 riuamirn·

94 2728 213 2815 posuit.
259 2731 303 2796 Ac
325 2729 421 2796 simili
445 2731 534 2797 ruodo
565 2732 639 2798 Pius
668 2733 724 2798 IX.
756 2735 803 2798 vel
832 2737 871 2800 ab
902 2734 1024 2800 exordio
1055 2733 1260 2800 Pontificatus
1292 2731 1342 2797 sui

95 2834 203 2900 oeulos
225 2834 257 2898 in
279 2833 460 2902 Armeniam
483 2837 633 2920 singulari
662 2856 733 2903 eum
765 2840 982 2905 benevolentia
1015 2839 1158 2905 ocubuit:
1190 2839 1223 2902 et
1251 2837 1342 2920 plura

94 2939 232 3003 decursu
253 2939 402 3022 temporis
421 2939 570 3020 decrevit,
593 2961 672 3024 quae
695 2941 735 3006 ad
757 2943 915 3024 publicum
939 2944 1006 3027 eJus
1028 2943 1133 3027 populi
1155 2943 1271 3007 benum
1291 2960 1341 3006 sa-

93 3060 228 3124 craeque
259 3041 441 3125 discipliuae
469 3044 715 3138 incolumitatem
738 3046 880 3129 prodesse
902 3047 1088 3113 viderentur.
1133 3046 1220 3126 Quod
1241 3045 1268 3110 si
1292 3045 1341 3108 his

94 3145 306 3228 superioribus
326 3147 425 3224 annis,
448 3167 507 3214 non
530 3148 595 3214 sino
619 3169 731 3235 magno
755 3145 904 3220 bonorum
926 3149 1063 3219 emnium
1079 3150 1176 3226 luctu,
1200 3169 1264 3214 rem
1281 3150 1341 3212 Ar-

93 3247 271 3315 meniorum
294 3249 478 3316 catholicam
502 3271 592 3317 casus
615 3253 726 3318 afflixit
748 3253 925 3337 inopinatus
948 3255 979 3318 et
998 3253 1112 3342 gravis,
1136 3255 1272 3338 profecto
1287 3250 1340 3319 de·

94 3352 236 3435 siderate
258 3373 318 3418 non
340 3355 388 3419 est
410 3355 502 3438 hujus
524 3355 723 3438 Apostolicae
745 3358 833 3424 Sedis
860 3359 909 3425 vel
939 3357 1115 3423 constantia
1145 3357 1193 3422 vel
1225 3357 1340 3422 caritas

93 3459 131 3524 in
154 3457 358 3542 extinguenda
383 3459 507 3524 funesta
529 3459 585 3525 illa
607 3461 772 3529 seditionis
790 3459 927 3541 flamma,
950 3480 1042 3546 quarn
1067 3461 1248 3527 turbulenta
1262 3481 1340 3544 pau-

94 3580 203 3626 corum
226 3562 353 3646 ingonia
375 3563 613 3633 concitaverant.
668 3565 1063 3651 Extremasejusdissidii
1084 3565 1340 3650 rebqnlsspeni-

94 3669 152 3732 tus
171 3666 331 3733 sublatum
352 3666 392 3732 iri
414 3667 475 3732 Dei
497 3667 700 3738 misericordis
724 3671 896 3753 oanoeimo
914 3669 1107 3747 mufidimns,
1129 3671 1165 3736 ut
1187 3669 1227 3734 ad
1243 3689 1338 3734 unum

94 3788 203 3836 omnes
224 3769 362 3838 referant
381 3789 450 3836 sese
472 3772 510 3838 ad
534 3774 673 3838 sanctam
695 3774 880 3841 catholicam
902 3774 1092 3852 lloclesiam,
1113 3774 1339 3857 prisb'nurnqne

93 3891 174 3956 erga
193 3873 406 3958 Apostolicam
429 3874 543 3945 Sedam
562 3877 758 3961 obsequium,
780 3877 868 3962 eujus
890 3879 1044 3946 retinendi
1067 3897 1194 3956 earrssa,
1213 3879 1339 3946 acerbas

94 3977 227 4042 armenii
257 3977 433 4045 vexationes
461 3980 640 4064 laboresque
674 3981 864 4048 vehementis
895 4001 988 4066 saepe
1017 3986 1111 4050 autea
1144 3982 1340 4050 memorabili

93 4081 279 4148 {orntudino
302 4084 505 4174 pertulerunt.
1208 4171 1210 4176 Ι

200 4186 270 4265 His,
293 4204 373 4270 qnae
395 4190 643 4256 commemorata·
657 4193 739 4268 eunt,
763 4189 957 4257 decessorum
980 4192 1166 4260 Nostrorum
1178 4192 1337 4275 exemplis,

94 4287 191 4370 atque
211 4289 287 4372 ipsis
309 4291 525 4358 Armeniorum
548 4292 706 4358 bominum
730 4312 790 4358 non
819 4293 939 4378 exiguis
967 4293 998 4358 in
1026 4295 1197 4364 Ecclesiam
1228 4295 1338 4360 officiis

94 4396 292 4476 permovetur
312 4397 344 4460 et
366 4395 411 4460 ad
425 4395 503 4462 bene
522 4395 703 4464 nouandum
725 4397 876 4465 ineimtur
888 4398 1009 4466 suimus
1022 4399 1145 4478 Noster,
1161 4399 1337 4483 ceteroquin

94 4497 206 4580 sponte
228 4515 284 4564 sua
307 4485 473 4584 propensus
493 4501 525 4569 iu
547 4499 725 4581 Orientem,
749 4521 932 4588 magnarum
956 4503 1109 4572 virtutum
1132 4504 1234 4588 gloria
1252 4503 1337 4568 nobi·

95 4602 172 4684 lem,
198 4604 230 4672 et
250 4604 413 4674 christiani
437 4605 567 4675 nominis
589 4605 760 4693 originibus
782 4611 1001 4678 consecratum.
1047 4609 1109 4676 Diu
1131 4628 1205 4676 sanc
1226 4607 1261 4676 iu
1279 4607 1337 4676 bae
