<?xml version="1.0" encoding="UTF-8"?>
<!DOCTYPE html PUBLIC "-//W3C//DTD XHTML 1.0 Transitional//EN"
    "http://www.w3.org/TR/xhtml1/DTD/xhtml1-transitional.dtd">
<html xmlns="http://www.w3.org/1999/xhtml" xml:lang="en" lang="en">
 <head>
  <title>
</title>
<meta http-equiv="Content-Type" content="text/html;charset=utf-8" />
  <meta name='ocr-system' content='tesseract 3.04.00' />
  <meta name='ocr-capabilities' content='ocr_page ocr_carea ocr_par ocr_line ocrx_word'/>
</head>
<body>
  <div class='ocr_page' id='page_1' title='image "./archivfrkatholi00unkngoog_0145.png"; bbox 0 0 3072 4888; ppageno 0'>
   <div class='ocr_carea' id='block_1_1' title="bbox 145 173 1279 270">
    <p class='ocr_par' dir='ltr' id='par_1_1' title="bbox 145 173 1279 270">
     <span class='ocr_line' id='line_1_1' title="bbox 145 173 1279 270; baseline 0.005 -22"><span class='ocrx_word' id='word_1_1' title='bbox 145 173 208 240; x_wconf 69' lang='lat'><strong>140</strong></span> <span class='ocrx_word' id='word_1_2' title='bbox 262 192 372 264; x_wconf 78' lang='lat' dir='ltr'><strong>Conpr.</strong></span> <span class='ocrx_word' id='word_1_3' title='bbox 395 194 484 250; x_wconf 73' lang='lat' dir='ltr'><strong>Gonu</strong></span> <span class='ocrx_word' id='word_1_4' title='bbox 502 195 547 251; x_wconf 81' lang='lat'><strong>28.</strong></span> <span class='ocrx_word' id='word_1_5' title='bbox 565 197 638 252; x_wconf 82' lang='lat' dir='ltr'><strong>Jnn.</strong></span> <span class='ocrx_word' id='word_1_6' title='bbox 658 197 734 252; x_wconf 75' lang='lat'><em>1882</em></span> <span class='ocrx_word' id='word_1_7' title='bbox 751 200 788 254; x_wconf 81' lang='lat' dir='ltr'><strong>de</strong></span> <span class='ocrx_word' id='word_1_8' title='bbox 807 201 950 255; x_wconf 83' lang='lat' dir='ltr'><strong>emulum.</strong></span> <span class='ocrx_word' id='word_1_9' title='bbox 967 215 1026 270; x_wconf 78' lang='lat' dir='ltr'><strong>pro</strong></span> <span class='ocrx_word' id='word_1_10' title='bbox 1043 202 1122 268; x_wconf 71' lang='lat' dir='ltr'><strong>disp·</strong></span> <span class='ocrx_word' id='word_1_11' title='bbox 1141 199 1279 254; x_wconf 71' lang='lat' dir='ltr'><strong>matrina</strong></span> 
     </span>
    </p>
   </div>
   <div class='ocr_carea' id='block_1_2' title="bbox 142 367 1521 4609">
    <p class='ocr_par' dir='ltr' id='par_1_2' title="bbox 142 367 1393 1181">
     <span class='ocr_line' id='line_1_2' title="bbox 143 367 1390 456; baseline 0.004 -24"><span class='ocrx_word' id='word_1_12' title='bbox 143 367 257 450; x_wconf 88' lang='lat' dir='ltr'><strong>pluries</strong></span> <span class='ocrx_word' id='word_1_13' title='bbox 279 369 361 452; x_wconf 89' lang='lat' dir='ltr'><strong>apud</strong></span> <span class='ocrx_word' id='word_1_14' title='bbox 383 367 515 448; x_wconf 82' lang='lat' dir='ltr'><strong>Geraia,</strong></span> <span class='ocrx_word' id='word_1_15' title='bbox 548 369 687 436; x_wconf 73' lang='lat' dir='ltr'><strong>Conrado</strong></span> <span class='ocrx_word' id='word_1_16' title='bbox 714 369 851 456; x_wconf 81' lang='lat' dir='ltr'><strong>aliolque</strong></span> <span class='ocrx_word' id='word_1_17' title='bbox 873 371 1019 455; x_wconf 87' lang='lat' dir='ltr'><strong>probatos</strong></span> <span class='ocrx_word' id='word_1_18' title='bbox 1042 374 1202 450; x_wconf 89' lang='lat' dir='ltr'><strong>auctores,</strong></span> <span class='ocrx_word' id='word_1_19' title='bbox 1235 370 1334 436; x_wconf 78' lang='lat' dir='ltr'><strong>istaec</strong></span> <span class='ocrx_word' id='word_1_20' title='bbox 1358 369 1390 438; x_wconf 85' lang='lat' dir='ltr'><strong>S.</strong></span> 
     </span>
     <span class='ocr_line' id='line_1_3' title="bbox 143 470 1391 557; baseline 0.002 -20"><span class='ocrx_word' id='word_1_21' title='bbox 143 470 351 557; x_wconf 80' lang='lat' dir='ltr'><strong>Congregatio</strong></span> <span class='ocrx_word' id='word_1_22' title='bbox 373 473 503 538; x_wconf 77' lang='lat' dir='ltr'><strong>concilii</strong></span> <span class='ocrx_word' id='word_1_23' title='bbox 523 473 744 554; x_wconf 73' lang='lat' dir='ltr'>declaraverit,</span> <span class='ocrx_word' id='word_1_24' title='bbox 775 475 962 542; x_wconf 89' lang='lat' dir='ltr'><strong>contrariam</strong></span> <span class='ocrx_word' id='word_1_25' title='bbox 991 476 1088 542; x_wconf 86' lang='lat' dir='ltr'><strong>etiarn</strong></span> <span class='ocrx_word' id='word_1_26' title='bbox 1110 475 1391 544; x_wconf 78' lang='lat' dir='ltr'><strong>immemorabilem</strong></span> 
     </span>
     <span class='ocr_line' id='line_1_4' title="bbox 142 576 1391 662; baseline 0.002 -21"><span class='ocrx_word' id='word_1_27' title='bbox 142 576 403 654; x_wconf 85' lang='lat' dir='ltr'><strong>cousuetudinem,</strong></span> <span class='ocrx_word' id='word_1_28' title='bbox 427 577 454 641; x_wconf 89' lang='lat' dir='ltr'><strong>si</strong></span> <span class='ocrx_word' id='word_1_29' title='bbox 476 577 611 661; x_wconf 88' lang='lat' dir='ltr'><strong>quasit,</strong></span> <span class='ocrx_word' id='word_1_30' title='bbox 641 579 772 644; x_wconf 89' lang='lat' dir='ltr'><strong>abusum</strong></span> <span class='ocrx_word' id='word_1_31' title='bbox 792 581 826 644; x_wconf 91' lang='lat' dir='ltr'><strong>et</strong></span> <span class='ocrx_word' id='word_1_32' title='bbox 848 579 1056 662; x_wconf 76' lang='lat' dir='ltr'><strong>corruptelam</strong></span> <span class='ocrx_word' id='word_1_33' title='bbox 1078 579 1265 646; x_wconf 89' lang='lat' dir='ltr'><strong>declarando</strong></span> <span class='ocrx_word' id='word_1_34' title='bbox 1287 581 1322 644; x_wconf 89' lang='lat' dir='ltr'><strong>et</strong></span> <span class='ocrx_word' id='word_1_35' title='bbox 1340 597 1391 644; x_wconf 87' lang='lat' dir='ltr'><strong>re·</strong></span> 
     </span>
     <span class='ocr_line' id='line_1_5' title="bbox 143 680 1391 770; baseline 0.004 -27"><span class='ocrx_word' id='word_1_36' title='bbox 143 680 310 764; x_wconf 90' lang='lat' dir='ltr'><strong>probando,</strong></span> <span class='ocrx_word' id='word_1_37' title='bbox 333 681 370 746; x_wconf 91' lang='lat' dir='ltr'><strong>ut</strong></span> <span class='ocrx_word' id='word_1_38' title='bbox 389 699 479 770; x_wconf 88' lang='lat' dir='ltr'><strong>nemo</strong></span> <span class='ocrx_word' id='word_1_39' title='bbox 500 699 533 760; x_wconf 75' lang='lat' dir='ltr'><strong>db</strong></span> <span class='ocrx_word' id='word_1_40' title='bbox 555 681 611 748; x_wconf 91' lang='lat' dir='ltr'><strong>illa</strong></span> <span class='ocrx_word' id='word_1_41' title='bbox 632 683 714 747; x_wconf 89' lang='lat' dir='ltr'><strong>tueri</strong></span> <span class='ocrx_word' id='word_1_42' title='bbox 736 683 853 766; x_wconf 82' lang='lat' dir='ltr'><strong>possit;</strong></span> <span class='ocrx_word' id='word_1_43' title='bbox 887 682 1089 749; x_wconf 90' lang='lat' dir='ltr'><strong>nibilominus</strong></span> <span class='ocrx_word' id='word_1_44' title='bbox 1111 683 1189 752; x_wconf 90' lang='lat' dir='ltr'><strong>adeo</strong></span> <span class='ocrx_word' id='word_1_45' title='bbox 1212 682 1262 749; x_wconf 88' lang='lat' dir='ltr'><strong>bis</strong></span> <span class='ocrx_word' id='word_1_46' title='bbox 1284 683 1318 746; x_wconf 91' lang='lat' dir='ltr'><strong>in</strong></span> <span class='ocrx_word' id='word_1_47' title='bbox 1341 701 1391 748; x_wconf 91' lang='lat' dir='ltr'><strong>re·</strong></span> 
     </span>
     <span class='ocr_line' id='line_1_6' title="bbox 143 783 1392 876; baseline 0 -27"><span class='ocrx_word' id='word_1_48' title='bbox 143 784 286 868; x_wconf 83' lang='lat' dir='ltr'><strong>gionibus</strong></span> <span class='ocrx_word' id='word_1_49' title='bbox 308 783 442 850; x_wconf 87' lang='lat' dir='ltr'><strong>invaluit</strong></span> <span class='ocrx_word' id='word_1_50' title='bbox 466 785 541 850; x_wconf 89' lang='lat' dir='ltr'><strong>baec</strong></span> <span class='ocrx_word' id='word_1_51' title='bbox 563 786 771 876; x_wconf 82' lang='lat' dir='ltr'><strong>consuetudo,</strong></span> <span class='ocrx_word' id='word_1_52' title='bbox 805 787 841 852; x_wconf 91' lang='lat' dir='ltr'><strong>ut</strong></span> <span class='ocrx_word' id='word_1_53' title='bbox 872 786 960 852; x_wconf 90' lang='lat' dir='ltr'><strong>nulla</strong></span> <span class='ocrx_word' id='word_1_54' title='bbox 988 806 1066 871; x_wconf 90' lang='lat' dir='ltr'><strong>pene</strong></span> <span class='ocrx_word' id='word_1_55' title='bbox 1088 786 1120 852; x_wconf 92' lang='lat' dir='ltr'><strong>in</strong></span> <span class='ocrx_word' id='word_1_56' title='bbox 1143 787 1211 852; x_wconf 90' lang='lat' dir='ltr'><strong>tota</strong></span> <span class='ocrx_word' id='word_1_57' title='bbox 1234 786 1392 869; x_wconf 80' lang='lat' dir='ltr'><strong>Hispania</strong></span> 
     </span>
     <span class='ocr_line' id='line_1_7' title="bbox 145 887 1393 974; baseline -0.001 -20"><span class='ocrx_word' id='word_1_58' title='bbox 145 887 238 954; x_wconf 81' lang='lat' dir='ltr'><strong>Curia</strong></span> <span class='ocrx_word' id='word_1_59' title='bbox 265 888 455 972; x_wconf 81' lang='lat' dir='ltr'><strong>llpiacopalia</strong></span> <span class='ocrx_word' id='word_1_60' title='bbox 484 888 680 969; x_wconf 85' lang='lat' dir='ltr'><strong>inveniatur,</strong></span> <span class='ocrx_word' id='word_1_61' title='bbox 714 889 747 954; x_wconf 93' lang='lat' dir='ltr'><strong>in</strong></span> <span class='ocrx_word' id='word_1_62' title='bbox 783 909 844 974; x_wconf 88' lang='lat' dir='ltr'><strong>qua</strong></span> <span class='ocrx_word' id='word_1_63' title='bbox 877 890 1020 956; x_wconf 82' lang='lat' dir='ltr'><strong>officialis</strong></span> <span class='ocrx_word' id='word_1_64' title='bbox 1051 891 1091 956; x_wconf 90' lang='lat' dir='ltr'><strong>ob</strong></span> <span class='ocrx_word' id='word_1_65' title='bbox 1123 890 1393 974; x_wconf 80' lang='lat' dir='ltr'><strong>dispensationum</strong></span> 
     </span>
     <span class='ocr_line' id='line_1_8' title="bbox 144 992 1393 1078; baseline 0.001 -22"><span class='ocrx_word' id='word_1_66' title='bbox 144 992 393 1076; x_wconf 82' lang='lat' dir='ltr'><strong>Apostolicarum</strong></span> <span class='ocrx_word' id='word_1_67' title='bbox 414 993 623 1060; x_wconf 78' lang='lat' dir='ltr'><strong>executionem</strong></span> <span class='ocrx_word' id='word_1_68' title='bbox 647 993 800 1077; x_wconf 83' lang='lat' dir='ltr'><strong>quaedam</strong></span> <span class='ocrx_word' id='word_1_69' title='bbox 822 1013 966 1072; x_wconf 85' lang='lat' dir='ltr'><strong>munera,</strong></span> <span class='ocrx_word' id='word_1_70' title='bbox 998 995 1135 1078; x_wconf 85' lang='lat' dir='ltr'><strong>praemia</strong></span> <span class='ocrx_word' id='word_1_71' title='bbox 1157 993 1207 1060; x_wconf 85' lang='lat' dir='ltr'><strong>vel</strong></span> <span class='ocrx_word' id='word_1_72' title='bbox 1232 993 1393 1077; x_wconf 86' lang='lat' dir='ltr'><strong>stipendia</strong></span> 
     </span>
     <span class='ocr_line' id='line_1_9' title="bbox 143 1095 952 1181; baseline 0.004 -21"><span class='ocrx_word' id='word_1_73' title='bbox 143 1095 256 1161; x_wconf 90' lang='lat' dir='ltr'><strong>nedum</strong></span> <span class='ocrx_word' id='word_1_74' title='bbox 280 1096 429 1180; x_wconf 91' lang='lat' dir='ltr'><strong>accipere,</strong></span> <span class='ocrx_word' id='word_1_75' title='bbox 453 1096 506 1162; x_wconf 85' lang='lat' dir='ltr'><strong>sed</strong></span> <span class='ocrx_word' id='word_1_76' title='bbox 529 1099 561 1162; x_wconf 89' lang='lat' dir='ltr'><strong>et</strong></span> <span class='ocrx_word' id='word_1_77' title='bbox 582 1098 785 1181; x_wconf 85' lang='lat' dir='ltr'><strong>erigere-non</strong></span> <span class='ocrx_word' id='word_1_78' title='bbox 808 1098 916 1164; x_wconf 82' lang='lat' dir='ltr'><strong>soleat</strong></span> <span class='ocrx_word' id='word_1_79' title='bbox 949 1171 952 1180; x_wconf 16' lang='lat' dir='ltr'><strong>p</strong></span> 
     </span>
    </p>

    <p class='ocr_par' dir='ltr' id='par_1_3' title="bbox 143 1199 1392 1904">
     <span class='ocr_line' id='line_1_10' title="bbox 248 1199 1391 1280; baseline 0.003 -20"><span class='ocrx_word' id='word_1_80' title='bbox 248 1199 426 1266; x_wconf 81' lang='lat' dir='ltr'><strong>›Olliciales</strong></span> <span class='ocrx_word' id='word_1_81' title='bbox 448 1199 529 1264; x_wconf 88' lang='lat' dir='ltr'><strong>banc</strong></span> <span class='ocrx_word' id='word_1_82' title='bbox 552 1201 741 1266; x_wconf 81' lang='lat' dir='ltr'><strong>exactionem</strong></span> <span class='ocrx_word' id='word_1_83' title='bbox 765 1200 816 1266; x_wconf 89' lang='lat' dir='ltr'><strong>his</strong></span> <span class='ocrx_word' id='word_1_84' title='bbox 849 1201 1039 1280; x_wconf 85' lang='lat' dir='ltr'><strong>rationibus,</strong></span> <span class='ocrx_word' id='word_1_85' title='bbox 1067 1203 1104 1267; x_wconf 87' lang='lat' dir='ltr'><strong>ut</strong></span> <span class='ocrx_word' id='word_1_86' title='bbox 1133 1200 1275 1279; x_wconf 79' lang='lat' dir='ltr'><strong>arbitror,</strong></span> <span class='ocrx_word' id='word_1_87' title='bbox 1306 1201 1391 1264; x_wconf 84' lang='lat' dir='ltr'><strong>trieri</strong></span> 
     </span>
     <span class='ocr_line' id='line_1_11' title="bbox 143 1303 1391 1388; baseline 0 -20"><span class='ocrx_word' id='word_1_88' title='bbox 143 1305 277 1388; x_wconf 83' lang='lat' dir='ltr'><strong>pergunt</strong></span> <span class='ocrx_word' id='word_1_89' title='bbox 297 1305 366 1369; x_wconf 90' lang='lat' dir='ltr'><strong>tum</strong></span> <span class='ocrx_word' id='word_1_90' title='bbox 388 1322 424 1368; x_wconf 93' lang='lat' dir='ltr'><strong>ex</strong></span> <span class='ocrx_word' id='word_1_91' title='bbox 446 1303 476 1368; x_wconf 82' lang='lat' dir='ltr'><strong>ri</strong></span> <span class='ocrx_word' id='word_1_92' title='bbox 498 1304 730 1372; x_wconf 88' lang='lat' dir='ltr'><strong>consuetudinis</strong></span> <span class='ocrx_word' id='word_1_93' title='bbox 752 1304 908 1370; x_wconf 85' lang='lat' dir='ltr'><strong>universal</strong></span> <span class='ocrx_word' id='word_1_94' title='bbox 924 1307 956 1370; x_wconf 90' lang='lat' dir='ltr'><strong>et</strong></span> <span class='ocrx_word' id='word_1_95' title='bbox 972 1303 1237 1383; x_wconf 82' lang='lat' dir='ltr'><strong>immemorabilis,</strong></span> <span class='ocrx_word' id='word_1_96' title='bbox 1261 1305 1330 1368; x_wconf 85' lang='lat' dir='ltr'><strong>turn</strong></span> <span class='ocrx_word' id='word_1_97' title='bbox 1349 1303 1391 1368; x_wconf 94' lang='lat' dir='ltr'><strong>ob</strong></span> 
     </span>
     <span class='ocr_line' id='line_1_12' title="bbox 143 1407 1391 1494; baseline 0.001 -24"><span class='ocrx_word' id='word_1_98' title='bbox 143 1407 279 1472; x_wconf 90' lang='lat' dir='ltr'><strong>laborem</strong></span> <span class='ocrx_word' id='word_1_99' title='bbox 303 1425 393 1490; x_wconf 87' lang='lat' dir='ltr'><strong>quem</strong></span> <span class='ocrx_word' id='word_1_100' title='bbox 417 1408 448 1474; x_wconf 89' lang='lat' dir='ltr'><strong>in</strong></span> <span class='ocrx_word' id='word_1_101' title='bbox 469 1407 621 1494; x_wconf 85' lang='lat' dir='ltr'><strong>studendo</strong></span> <span class='ocrx_word' id='word_1_102' title='bbox 643 1427 788 1491; x_wconf 87' lang='lat' dir='ltr'><strong>processu</strong></span> <span class='ocrx_word' id='word_1_103' title='bbox 810 1409 998 1474; x_wconf 73' lang='lat' dir='ltr'><strong>attactibus</strong></span> <span class='ocrx_word' id='word_1_104' title='bbox 1027 1407 1241 1474; x_wconf 88' lang='lat' dir='ltr'><strong>examinandis</strong></span> <span class='ocrx_word' id='word_1_105' title='bbox 1268 1407 1391 1492; x_wconf 90' lang='lat' dir='ltr'><strong>impen-</strong></span> 
     </span>
     <span class='ocr_line' id='line_1_13' title="bbox 143 1509 1392 1596; baseline 0 -22"><span class='ocrx_word' id='word_1_106' title='bbox 143 1509 231 1588; x_wconf 87' lang='lat' dir='ltr'><strong>dunt,</strong></span> <span class='ocrx_word' id='word_1_107' title='bbox 254 1511 321 1575; x_wconf 87' lang='lat' dir='ltr'><strong>tum</strong></span> <span class='ocrx_word' id='word_1_108' title='bbox 345 1511 419 1594; x_wconf 90' lang='lat' dir='ltr'><strong>quia</strong></span> <span class='ocrx_word' id='word_1_109' title='bbox 441 1510 590 1576; x_wconf 89' lang='lat' dir='ltr'><strong>salarium</strong></span> <span class='ocrx_word' id='word_1_110' title='bbox 614 1512 653 1576; x_wconf 91' lang='lat' dir='ltr'><strong>ab</strong></span> <span class='ocrx_word' id='word_1_111' title='bbox 673 1512 823 1596; x_wconf 72' lang='lat' dir='ltr'><strong>Episcopo</strong></span> <span class='ocrx_word' id='word_1_112' title='bbox 845 1511 953 1578; x_wconf 86' lang='lat' dir='ltr'><strong>rel-ab</strong></span> <span class='ocrx_word' id='word_1_113' title='bbox 969 1511 1110 1578; x_wconf 75' lang='lat' dir='ltr'><strong>Ecclesia</strong></span> <span class='ocrx_word' id='word_1_114' title='bbox 1125 1510 1331 1596; x_wconf 81' lang='lat' dir='ltr'><strong>assignatum,</strong></span> <span class='ocrx_word' id='word_1_115' title='bbox 1353 1513 1392 1575; x_wconf 86' lang='lat' dir='ltr'><strong>ut</strong></span> 
     </span>
     <span class='ocr_line' id='line_1_14' title="bbox 143 1613 1392 1699; baseline 0.002 -21"><span class='ocrx_word' id='word_1_116' title='bbox 143 1613 312 1696; x_wconf 90' lang='lat' dir='ltr'><strong>plurimum</strong></span> <span class='ocrx_word' id='word_1_117' title='bbox 334 1632 394 1679; x_wconf 91' lang='lat' dir='ltr'><strong>non</strong></span> <span class='ocrx_word' id='word_1_118' title='bbox 418 1613 556 1698; x_wconf 85' lang='lat' dir='ltr'><strong>babent,¹</strong></span> <span class='ocrx_word' id='word_1_119' title='bbox 581 1633 636 1680; x_wconf 90' lang='lat' dir='ltr'><strong>nec</strong></span> <span class='ocrx_word' id='word_1_120' title='bbox 670 1616 783 1680; x_wconf 88' lang='lat' dir='ltr'><strong>babere</strong></span> <span class='ocrx_word' id='word_1_121' title='bbox 816 1617 961 1699; x_wconf 87' lang='lat' dir='ltr'><strong>possunt,</strong></span> <span class='ocrx_word' id='word_1_122' title='bbox 991 1615 1142 1680; x_wconf 87' lang='lat' dir='ltr'><strong>reditibus</strong></span> <span class='ocrx_word' id='word_1_123' title='bbox 1168 1614 1392 1680; x_wconf 88' lang='lat' dir='ltr'><strong>ecclesiasticis</strong></span> 
     </span>
     <span class='ocr_line' id='line_1_15' title="bbox 144 1716 1391 1804; baseline 0.002 -23"><span class='ocrx_word' id='word_1_124' title='bbox 144 1716 220 1782; x_wconf 88' lang='lat' dir='ltr'><strong>adeo</strong></span> <span class='ocrx_word' id='word_1_125' title='bbox 244 1736 325 1783; x_wconf 90' lang='lat' dir='ltr'><strong>nunc</strong></span> <span class='ocrx_word' id='word_1_126' title='bbox 348 1717 539 1798; x_wconf 87' lang='lat' dir='ltr'><strong>imminutis,</strong></span> <span class='ocrx_word' id='word_1_127' title='bbox 574 1720 642 1783; x_wconf 91' lang='lat' dir='ltr'><strong>tum</strong></span> <span class='ocrx_word' id='word_1_128' title='bbox 676 1717 801 1784; x_wconf 90' lang='lat' dir='ltr'><strong>demum</strong></span> <span class='ocrx_word' id='word_1_129' title='bbox 835 1718 1038 1804; x_wconf 88' lang='lat' dir='ltr'><strong>quorumdam</strong></span> <span class='ocrx_word' id='word_1_130' title='bbox 1064 1737 1124 1784; x_wconf 87' lang='lat' dir='ltr'><strong>non</strong></span> <span class='ocrx_word' id='word_1_131' title='bbox 1147 1717 1274 1784; x_wconf 85' lang='lat' dir='ltr'><strong>infimae</strong></span> <span class='ocrx_word' id='word_1_132' title='bbox 1295 1719 1391 1783; x_wconf 91' lang='lat' dir='ltr'><strong>notae</strong></span> 
     </span>
     <span class='ocr_line' id='line_1_16' title="bbox 144 1820 690 1904; baseline 0.007 -20"><span class='ocrx_word' id='word_1_133' title='bbox 144 1820 329 1904; x_wconf 91' lang='lat' dir='ltr'><strong>scriptorum</strong></span> <span class='ocrx_word' id='word_1_134' title='bbox 353 1821 539 1888; x_wconf 91' lang='lat' dir='ltr'><strong>auctoritate</strong></span> <span class='ocrx_word' id='word_1_135' title='bbox 560 1821 690 1888; x_wconf 83' lang='lat' dir='ltr'><strong>suffulti.</strong></span> 
     </span>
    </p>

    <p class='ocr_par' dir='ltr' id='par_1_4' title="bbox 142 1923 1521 3255">
     <span class='ocr_line' id='line_1_17' title="bbox 248 1923 1387 2012; baseline 0.008 -27"><span class='ocrx_word' id='word_1_136' title='bbox 248 1925 346 1992; x_wconf 78' lang='lat' dir='ltr'><strong>»Cum</strong></span> <span class='ocrx_word' id='word_1_137' title='bbox 367 1944 441 2010; x_wconf 83' lang='lat' dir='ltr'><strong>ergo</strong></span> <span class='ocrx_word' id='word_1_138' title='bbox 464 1925 501 1992; x_wconf 92' lang='lat' dir='ltr'><strong>de</strong></span> <span class='ocrx_word' id='word_1_139' title='bbox 523 1945 556 1992; x_wconf 90' lang='lat' dir='ltr'><strong>re</strong></span> <span class='ocrx_word' id='word_1_140' title='bbox 578 1926 629 1992; x_wconf 88' lang='lat' dir='ltr'><strong>bic</strong></span> <span class='ocrx_word' id='word_1_141' title='bbox 648 1928 762 2012; x_wconf 80' lang='lat' dir='ltr'><strong>agatur</strong></span> <span class='ocrx_word' id='word_1_142' title='bbox 783 1927 897 1996; x_wconf 91' lang='lat' dir='ltr'><strong>summi</strong></span> <span class='ocrx_word' id='word_1_143' title='bbox 918 1926 1067 1992; x_wconf 91' lang='lat' dir='ltr'><strong>momenti</strong></span> <span class='ocrx_word' id='word_1_144' title='bbox 1088 1927 1157 1991; x_wconf 90' lang='lat' dir='ltr'><strong>tum</strong></span> <span class='ocrx_word' id='word_1_145' title='bbox 1182 1925 1219 1990; x_wconf 87' lang='lat' dir='ltr'><strong>ut</strong></span> <span class='ocrx_word' id='word_1_146' title='bbox 1237 1923 1387 1998; x_wconf 83' lang='lat' dir='ltr'><strong>,omnium</strong></span> 
     </span>
     <span class='ocr_line' id='line_1_18' title="bbox 143 2028 1391 2112; baseline 0 -18"><span class='ocrx_word' id='word_1_147' title='bbox 143 2030 224 2095; x_wconf 89' lang='lat' dir='ltr'><strong>retro</strong></span> <span class='ocrx_word' id='word_1_148' title='bbox 247 2028 437 2096; x_wconf 89' lang='lat' dir='ltr'><strong>Olficiallum</strong></span> <span class='ocrx_word' id='word_1_149' title='bbox 460 2030 666 2096; x_wconf 85' lang='lat' dir='ltr'><strong>conscientiae</strong></span> <span class='ocrx_word' id='word_1_150' title='bbox 689 2032 885 2109; x_wconf 67' lang='lat' dir='ltr'><strong>consulatum·</strong></span> <span class='ocrx_word' id='word_1_151' title='bbox 898 2031 966 2096; x_wconf 88' lang='lat' dir='ltr'><strong>tum</strong></span> <span class='ocrx_word' id='word_1_152' title='bbox 987 2030 1121 2096; x_wconf 85' lang='lat' dir='ltr'><strong>maxime</strong></span> <span class='ocrx_word' id='word_1_153' title='bbox 1143 2030 1180 2095; x_wconf 89' lang='lat' dir='ltr'><strong>ut</strong></span> <span class='ocrx_word' id='word_1_154' title='bbox 1197 2031 1246 2095; x_wconf 87' lang='lat' dir='ltr'><strong>tot</strong></span> <span class='ocrx_word' id='word_1_155' title='bbox 1263 2029 1391 2112; x_wconf 87' lang='lat' dir='ltr'><strong>dispeu-</strong></span> 
     </span>
     <span class='ocr_line' id='line_1_19' title="bbox 144 2133 1389 2218; baseline -0.001 -20"><span class='ocrx_word' id='word_1_156' title='bbox 144 2133 299 2198; x_wconf 90' lang='lat' dir='ltr'><strong>satiouum</strong></span> <span class='ocrx_word' id='word_1_157' title='bbox 335 2133 367 2197; x_wconf 93' lang='lat' dir='ltr'><strong>in</strong></span> <span class='ocrx_word' id='word_1_158' title='bbox 396 2133 497 2199; x_wconf 89' lang='lat' dir='ltr'><strong>lorma</strong></span> <span class='ocrx_word' id='word_1_159' title='bbox 525 2153 693 2218; x_wconf 88' lang='lat' dir='ltr'><strong>pauperum</strong></span> <span class='ocrx_word' id='word_1_160' title='bbox 720 2135 933 2217; x_wconf 90' lang='lat' dir='ltr'><strong>expeditarum</strong></span> <span class='ocrx_word' id='word_1_161' title='bbox 956 2134 995 2198; x_wconf 90' lang='lat' dir='ltr'><strong>ad</strong></span> <span class='ocrx_word' id='word_1_162' title='bbox 1019 2133 1095 2200; x_wconf 90' lang='lat' dir='ltr'><strong>haec</strong></span> <span class='ocrx_word' id='word_1_163' title='bbox 1117 2152 1214 2217; x_wconf 87' lang='lat' dir='ltr'><strong>usque</strong></span> <span class='ocrx_word' id='word_1_164' title='bbox 1236 2134 1389 2216; x_wconf 84' lang='lat' dir='ltr'><strong>tempora,</strong></span> 
     </span>
     <span class='ocr_line' id='line_1_20' title="bbox 143 2235 1390 2321; baseline -0.002 -20"><span class='ocrx_word' id='word_1_165' title='bbox 143 2255 212 2301; x_wconf 91' lang='lat' dir='ltr'><strong>cum</strong></span> <span class='ocrx_word' id='word_1_166' title='bbox 236 2235 294 2302; x_wconf 90' lang='lat' dir='ltr'><strong>boc</strong></span> <span class='ocrx_word' id='word_1_167' title='bbox 316 2236 392 2302; x_wconf 82' lang='lat' dir='ltr'><strong>uitio</strong></span> <span class='ocrx_word' id='word_1_168' title='bbox 414 2237 586 2303; x_wconf 81' lang='lat' dir='ltr'><strong>executioni</strong></span> <span class='ocrx_word' id='word_1_169' title='bbox 608 2257 661 2321; x_wconf 89' lang='lat' dir='ltr'><strong>per</strong></span> <span class='ocrx_word' id='word_1_170' title='bbox 684 2237 841 2304; x_wconf 81' lang='lat' dir='ltr'><strong>officiales</strong></span> <span class='ocrx_word' id='word_1_171' title='bbox 868 2237 1104 2317; x_wconf 82' lang='lat' dir='ltr'><strong>mandaterum,</strong></span> <span class='ocrx_word' id='word_1_172' title='bbox 1135 2237 1288 2320; x_wconf 86' lang='lat' dir='ltr'><strong>simulque</strong></span> <span class='ocrx_word' id='word_1_173' title='bbox 1320 2255 1390 2300; x_wconf 90' lang='lat' dir='ltr'><strong>ma-</strong></span> 
     </span>
     <span class='ocr_line' id='line_1_21' title="bbox 142 2339 1521 2426; baseline 0 -20"><span class='ocrx_word' id='word_1_174' title='bbox 142 2341 358 2406; x_wconf 91' lang='lat' dir='ltr'><strong>trimoniorum</strong></span> <span class='ocrx_word' id='word_1_175' title='bbox 379 2339 451 2406; x_wconf 92' lang='lat' dir='ltr'><strong>iude</strong></span> <span class='ocrx_word' id='word_1_176' title='bbox 473 2343 704 2410; x_wconf 86' lang='lat' dir='ltr'><strong>consecutorum</strong></span> <span class='ocrx_word' id='word_1_177' title='bbox 728 2340 886 2408; x_wconf 74' lang='lat' dir='ltr'><strong>caliditati</strong></span> <span class='ocrx_word' id='word_1_178' title='bbox 908 2342 1025 2426; x_wconf 88' lang='lat' dir='ltr'><strong>pariter</strong></span> <span class='ocrx_word' id='word_1_179' title='bbox 1047 2341 1236 2419; x_wconf 87' lang='lat' dir='ltr'><strong>consulatur,</strong></span> <span class='ocrx_word' id='word_1_180' title='bbox 1264 2339 1390 2406; x_wconf 89' lang='lat' dir='ltr'><strong>Sancti·</strong></span> <span class='ocrx_word' id='word_1_181' title='bbox 1520 2369 1521 2374; x_wconf 41' lang='lat'>¹</span> 
     </span>
     <span class='ocr_line' id='line_1_22' title="bbox 144 2441 1390 2530; baseline 0.002 -22"><span class='ocrx_word' id='word_1_182' title='bbox 144 2444 242 2509; x_wconf 90' lang='lat' dir='ltr'><strong>tatem</strong></span> <span class='ocrx_word' id='word_1_183' title='bbox 266 2442 361 2509; x_wconf 86' lang='lat' dir='ltr'><strong>Suam</strong></span> <span class='ocrx_word' id='word_1_184' title='bbox 383 2463 488 2523; x_wconf 86' lang='lat' dir='ltr'><strong>exoro,</strong></span> <span class='ocrx_word' id='word_1_185' title='bbox 524 2446 560 2510; x_wconf 88' lang='lat' dir='ltr'><strong>ut</strong></span> <span class='ocrx_word' id='word_1_186' title='bbox 592 2463 647 2529; x_wconf 90' lang='lat' dir='ltr'><strong>per</strong></span> <span class='ocrx_word' id='word_1_187' title='bbox 680 2445 840 2512; x_wconf 85' lang='lat' dir='ltr'><strong>decretum</strong></span> <span class='ocrx_word' id='word_1_188' title='bbox 874 2445 1018 2530; x_wconf 85' lang='lat' dir='ltr'><strong>generale</strong></span> <span class='ocrx_word' id='word_1_189' title='bbox 1049 2445 1207 2511; x_wconf 87' lang='lat' dir='ltr'><strong>declarare</strong></span> <span class='ocrx_word' id='word_1_190' title='bbox 1228 2441 1390 2528; x_wconf 79' lang='lat' dir='ltr'><strong>dignetur,</strong></span> 
     </span>
     <span class='ocr_line' id='line_1_23' title="bbox 143 2546 1389 2632; baseline 0.001 -20"><span class='ocrx_word' id='word_1_191' title='bbox 143 2550 249 2613; x_wconf 89' lang='lat' dir='ltr'><strong>utrum</strong></span> <span class='ocrx_word' id='word_1_192' title='bbox 270 2547 413 2630; x_wconf 87' lang='lat' dir='ltr'><strong>praefata</strong></span> <span class='ocrx_word' id='word_1_193' title='bbox 435 2548 624 2614; x_wconf 90' lang='lat' dir='ltr'><strong>cousuetudo</strong></span> <span class='ocrx_word' id='word_1_194' title='bbox 647 2549 685 2614; x_wconf 89' lang='lat' dir='ltr'><strong>ob</strong></span> <span class='ocrx_word' id='word_1_195' title='bbox 710 2550 824 2616; x_wconf 86' lang='lat' dir='ltr'><strong>allatas</strong></span> <span class='ocrx_word' id='word_1_196' title='bbox 845 2550 981 2616; x_wconf 89' lang='lat' dir='ltr'><strong>rationes</strong></span> <span class='ocrx_word' id='word_1_197' title='bbox 1005 2547 1134 2614; x_wconf 89' lang='lat' dir='ltr'><strong>tolerari</strong></span> <span class='ocrx_word' id='word_1_198' title='bbox 1164 2548 1278 2632; x_wconf 88' lang='lat' dir='ltr'><strong>possit,</strong></span> <span class='ocrx_word' id='word_1_199' title='bbox 1308 2546 1389 2614; x_wconf 87' lang='lat' dir='ltr'><strong>om-</strong></span> 
     </span>
     <span class='ocr_line' id='line_1_24' title="bbox 143 2651 1388 2736; baseline 0.002 -21"><span class='ocrx_word' id='word_1_200' title='bbox 143 2651 297 2734; x_wconf 88' lang='lat' dir='ltr'><strong>cialesqne</strong></span> <span class='ocrx_word' id='word_1_201' title='bbox 320 2653 391 2716; x_wconf 90' lang='lat' dir='ltr'><strong>tnta</strong></span> <span class='ocrx_word' id='word_1_202' title='bbox 414 2651 603 2717; x_wconf 86' lang='lat' dir='ltr'><strong>conscientia</strong></span> <span class='ocrx_word' id='word_1_203' title='bbox 625 2652 742 2736; x_wconf 89' lang='lat' dir='ltr'><strong>aliquid</strong></span> <span class='ocrx_word' id='word_1_204' title='bbox 765 2653 904 2719; x_wconf 91' lang='lat' dir='ltr'><strong>muneris</strong></span> <span class='ocrx_word' id='word_1_205' title='bbox 926 2653 975 2719; x_wconf 88' lang='lat' dir='ltr'><strong>rel</strong></span> <span class='ocrx_word' id='word_1_206' title='bbox 997 2651 1128 2736; x_wconf 88' lang='lat' dir='ltr'><strong>praemii</strong></span> <span class='ocrx_word' id='word_1_207' title='bbox 1150 2671 1205 2736; x_wconf 90' lang='lat' dir='ltr'><strong>pro</strong></span> <span class='ocrx_word' id='word_1_208' title='bbox 1227 2651 1388 2735; x_wconf 88' lang='lat' dir='ltr'><strong>dispensa·</strong></span> 
     </span>
     <span class='ocr_line' id='line_1_25' title="bbox 143 2754 1387 2842; baseline 0.001 -23"><span class='ocrx_word' id='word_1_209' title='bbox 143 2755 264 2820; x_wconf 91' lang='lat' dir='ltr'><strong>tionum</strong></span> <span class='ocrx_word' id='word_1_210' title='bbox 287 2754 734 2838; x_wconf 84' lang='lat' dir='ltr'><strong>Apostolicarumerecutione</strong></span> <span class='ocrx_word' id='word_1_211' title='bbox 752 2757 903 2840; x_wconf 87' lang='lat' dir='ltr'><strong>recipere,</strong></span> <span class='ocrx_word' id='word_1_212' title='bbox 937 2755 988 2823; x_wconf 87' lang='lat' dir='ltr'><strong>vel</strong></span> <span class='ocrx_word' id='word_1_213' title='bbox 1013 2756 1135 2842; x_wconf 81' lang='lat' dir='ltr'><strong>exigere</strong></span> <span class='ocrx_word' id='word_1_214' title='bbox 1157 2755 1295 2840; x_wconf 88' lang='lat' dir='ltr'><strong>possint,</strong></span> <span class='ocrx_word' id='word_1_215' title='bbox 1326 2774 1387 2820; x_wconf 92' lang='lat' dir='ltr'><strong>non</strong></span> 
     </span>
     <span class='ocr_line' id='line_1_26' title="bbox 144 2857 1397 2944; baseline 0.001 -21"><span class='ocrx_word' id='word_1_216' title='bbox 144 2857 340 2924; x_wconf 88' lang='lat' dir='ltr'><strong>obstantibus</strong></span> <span class='ocrx_word' id='word_1_217' title='bbox 362 2858 509 2942; x_wconf 85' lang='lat' dir='ltr'><strong>praelatis</strong></span> <span class='ocrx_word' id='word_1_218' title='bbox 532 2859 680 2926; x_wconf 85' lang='lat' dir='ltr'><strong>clausulis</strong></span> <span class='ocrx_word' id='word_1_219' title='bbox 703 2860 893 2927; x_wconf 85' lang='lat' dir='ltr'><strong>Litterarum</strong></span> <span class='ocrx_word' id='word_1_220' title='bbox 917 2860 1176 2944; x_wconf 83' lang='lat' dir='ltr'><strong>Apostolicarum.</strong></span> <span class='ocrx_word' id='word_1_221' title='bbox 1210 2858 1299 2941; x_wconf 80' lang='lat' dir='ltr'><strong>Quod</strong></span> <span class='ocrx_word' id='word_1_222' title='bbox 1317 2859 1397 2942; x_wconf 88' lang='lat' dir='ltr'><strong>qui··</strong></span> 
     </span>
     <span class='ocr_line' id='line_1_27' title="bbox 144 2956 1388 3048; baseline 0.001 -22"><span class='ocrx_word' id='word_1_223' title='bbox 144 2962 213 3028; x_wconf 88' lang='lat' dir='ltr'><strong>dem</strong></span> <span class='ocrx_word' id='word_1_224' title='bbox 236 2963 270 3026; x_wconf 92' lang='lat' dir='ltr'><strong>in</strong></span> <span class='ocrx_word' id='word_1_225' title='bbox 289 2961 338 3027; x_wconf 90' lang='lat' dir='ltr'><strong>his</strong></span> <span class='ocrx_word' id='word_1_226' title='bbox 360 2960 549 3028; x_wconf 90' lang='lat' dir='ltr'><strong>tristissimis</strong></span> <span class='ocrx_word' id='word_1_227' title='bbox 571 2983 674 3030; x_wconf 89' lang='lat' dir='ltr'><strong>rerum</strong></span> <span class='ocrx_word' id='word_1_228' title='bbox 691 2956 857 3048; x_wconf 87' lang='lat' dir='ltr'><strong>adjunctis,</strong></span> <span class='ocrx_word' id='word_1_229' title='bbox 876 2964 908 3028; x_wconf 92' lang='lat' dir='ltr'><strong>in</strong></span> <span class='ocrx_word' id='word_1_230' title='bbox 926 2964 1045 3048; x_wconf 88' lang='lat' dir='ltr'><strong>quibus</strong></span> <span class='ocrx_word' id='word_1_231' title='bbox 1054 2963 1203 3031; x_wconf 85' lang='lat' dir='ltr'><strong>officiales</strong></span> <span class='ocrx_word' id='word_1_232' title='bbox 1221 2962 1308 3028; x_wconf 91' lang='lat' dir='ltr'><strong>nulla</strong></span> <span class='ocrx_word' id='word_1_233' title='bbox 1323 2962 1388 3028; x_wconf 82' lang='lat' dir='ltr'><strong>iere</strong></span> 
     </span>
     <span class='ocr_line' id='line_1_28' title="bbox 143 3065 1387 3152; baseline 0 -20"><span class='ocrx_word' id='word_1_234' title='bbox 143 3065 206 3132; x_wconf 89' lang='lat' dir='ltr'><strong>alia</strong></span> <span class='ocrx_word' id='word_1_235' title='bbox 225 3066 444 3145; x_wconf 89' lang='lat' dir='ltr'><strong>emolumenta,</strong></span> <span class='ocrx_word' id='word_1_236' title='bbox 466 3071 589 3151; x_wconf 86' lang='lat' dir='ltr'><strong>praeter</strong></span> <span class='ocrx_word' id='word_1_237' title='bbox 608 3068 664 3133; x_wconf 91' lang='lat' dir='ltr'><strong>illa</strong></span> <span class='ocrx_word' id='word_1_238' title='bbox 684 3087 764 3152; x_wconf 84' lang='lat' dir='ltr'><strong>qrrae</strong></span> <span class='ocrx_word' id='word_1_239' title='bbox 785 3085 840 3152; x_wconf 91' lang='lat' dir='ltr'><strong>pro</strong></span> <span class='ocrx_word' id='word_1_240' title='bbox 855 3067 1120 3152; x_wconf 89' lang='lat' dir='ltr'><strong>dispensationum</strong></span> <span class='ocrx_word' id='word_1_241' title='bbox 1134 3067 1387 3152; x_wconf 77' lang='lat' dir='ltr'><strong>Apostolicorum</strong></span> 
     </span>
     <span class='ocr_line' id='line_1_29' title="bbox 143 3168 1354 3255; baseline -0.002 -20"><span class='ocrx_word' id='word_1_242' title='bbox 143 3168 321 3236; x_wconf 89' lang='lat' dir='ltr'><strong>executione</strong></span> <span class='ocrx_word' id='word_1_243' title='bbox 342 3169 507 3254; x_wconf 88' lang='lat' dir='ltr'><strong>rccipiunt,</strong></span> <span class='ocrx_word' id='word_1_244' title='bbox 530 3171 665 3255; x_wconf 87' lang='lat' dir='ltr'><strong>recipere</strong></span> <span class='ocrx_word' id='word_1_245' title='bbox 688 3171 797 3251; x_wconf 89' lang='lat' dir='ltr'><strong>solent,</strong></span> <span class='ocrx_word' id='word_1_246' title='bbox 820 3171 954 3255; x_wconf 83' lang='lat' dir='ltr'><strong>benigne</strong></span> <span class='ocrx_word' id='word_1_247' title='bbox 977 3171 1199 3237; x_wconf 89' lang='lat' dir='ltr'><strong>concedentum</strong></span> <span class='ocrx_word' id='word_1_248' title='bbox 1221 3170 1354 3236; x_wconf 86' lang='lat' dir='ltr'><strong>uidetur.</strong></span> 
     </span>
    </p>

    <p class='ocr_par' dir='ltr' id='par_1_5' title="bbox 143 3272 1427 3566">
     <span class='ocr_line' id='line_1_30' title="bbox 250 3272 1427 3360; baseline 0.007 -28"><span class='ocrx_word' id='word_1_249' title='bbox 250 3272 356 3353; x_wconf 79' lang='lat' dir='ltr'><strong>»Quod</strong></span> <span class='ocrx_word' id='word_1_250' title='bbox 379 3273 407 3338; x_wconf 90' lang='lat' dir='ltr'><strong>si</strong></span> <span class='ocrx_word' id='word_1_251' title='bbox 429 3274 574 3359; x_wconf 80' lang='lat' dir='ltr'><strong>negative</strong></span> <span class='ocrx_word' id='word_1_252' title='bbox 596 3275 669 3341; x_wconf 92' lang='lat' dir='ltr'><strong>huic</strong></span> <span class='ocrx_word' id='word_1_253' title='bbox 684 3275 830 3360; x_wconf 75' lang='lat' dir='ltr'><strong>quaesito</strong></span> <span class='ocrx_word' id='word_1_254' title='bbox 852 3275 1036 3359; x_wconf 87' lang='lat' dir='ltr'><strong>respondere</strong></span> <span class='ocrx_word' id='word_1_255' title='bbox 1055 3275 1263 3342; x_wconf 87' lang='lat' dir='ltr'><strong>necessarium</strong></span> <span class='ocrx_word' id='word_1_256' title='bbox 1278 3272 1385 3339; x_wconf 90' lang='lat' dir='ltr'><strong>ridea-</strong></span> <span class='ocrx_word' id='word_1_257' title='bbox 1421 3329 1427 3340; x_wconf 89' lang='grc'><strong>.</strong></span> 
     </span>
     <span class='ocr_line' id='line_1_31' title="bbox 144 3376 1386 3463; baseline 0 -21"><span class='ocrx_word' id='word_1_258' title='bbox 144 3377 206 3456; x_wconf 87' lang='lat' dir='ltr'><strong>tur,</strong></span> <span class='ocrx_word' id='word_1_259' title='bbox 228 3376 324 3443; x_wconf 90' lang='lat' dir='ltr'><strong>etiam</strong></span> <span class='ocrx_word' id='word_1_260' title='bbox 347 3379 440 3461; x_wconf 89' lang='lat' dir='ltr'><strong>atque</strong></span> <span class='ocrx_word' id='word_1_261' title='bbox 460 3379 555 3443; x_wconf 88' lang='lat' dir='ltr'><strong>etiam</strong></span> <span class='ocrx_word' id='word_1_262' title='bbox 575 3377 781 3445; x_wconf 79' lang='lat' dir='ltr'><strong>sanctitatem</strong></span> <span class='ocrx_word' id='word_1_263' title='bbox 802 3378 895 3446; x_wconf 90' lang='lat' dir='ltr'><strong>Suam</strong></span> <span class='ocrx_word' id='word_1_264' title='bbox 919 3378 1073 3463; x_wconf 88' lang='lat' dir='ltr'><strong>deprecor,</strong></span> <span class='ocrx_word' id='word_1_265' title='bbox 1096 3380 1133 3450; x_wconf 83' lang='lat' dir='ltr'><strong>ut</strong></span> <span class='ocrx_word' id='word_1_266' title='bbox 1153 3378 1192 3444; x_wconf 94' lang='lat' dir='ltr'><strong>de</strong></span> <span class='ocrx_word' id='word_1_267' title='bbox 1214 3379 1386 3463; x_wconf 90' lang='lat' dir='ltr'><strong>opportuno</strong></span> 
     </span>
     <span class='ocr_line' id='line_1_32' title="bbox 143 3480 892 3566; baseline -0.004 -21"><span class='ocrx_word' id='word_1_268' title='bbox 143 3480 278 3546; x_wconf 90' lang='lat' dir='ltr'><strong>remedio</strong></span> <span class='ocrx_word' id='word_1_269' title='bbox 302 3481 398 3546; x_wconf 87' lang='lat' dir='ltr'><strong>tantis</strong></span> <span class='ocrx_word' id='word_1_270' title='bbox 419 3481 512 3547; x_wconf 90' lang='lat' dir='ltr'><strong>malis</strong></span> <span class='ocrx_word' id='word_1_271' title='bbox 534 3482 694 3566; x_wconf 82' lang='lat' dir='ltr'><strong>providere</strong></span> <span class='ocrx_word' id='word_1_272' title='bbox 716 3481 892 3566; x_wconf 74' lang='lat' dir='ltr'><strong>dignetur«</strong></span> 
     </span>
    </p>

    <p class='ocr_par' dir='ltr' id='par_1_6' title="bbox 144 3583 1452 4084">
     <span class='ocr_line' id='line_1_33' title="bbox 248 3583 1385 3669; baseline -0.001 -19"><span class='ocrx_word' id='word_1_273' title='bbox 248 3585 343 3650; x_wconf 86' lang='lat' dir='ltr'><strong>Hisce</strong></span> <span class='ocrx_word' id='word_1_274' title='bbox 376 3585 512 3668; x_wconf 88' lang='lat' dir='ltr'><strong>acceptis</strong></span> <span class='ocrx_word' id='word_1_275' title='bbox 546 3587 578 3651; x_wconf 91' lang='lat' dir='ltr'><strong>et</strong></span> <span class='ocrx_word' id='word_1_276' title='bbox 611 3587 751 3653; x_wconf 89' lang='lat' dir='ltr'><strong>omnibus</strong></span> <span class='ocrx_word' id='word_1_277' title='bbox 786 3587 823 3652; x_wconf 91' lang='lat' dir='ltr'><strong>de</strong></span> <span class='ocrx_word' id='word_1_278' title='bbox 858 3584 888 3652; x_wconf 86' lang='lat' dir='ltr'><strong>S.</strong></span> <span class='ocrx_word' id='word_1_279' title='bbox 914 3583 946 3653; x_wconf 80' lang='lat' dir='ltr'><strong>O.</strong></span> <span class='ocrx_word' id='word_1_280' title='bbox 968 3583 1002 3652; x_wconf 82' lang='lat' dir='ltr'><strong>O.</strong></span> <span class='ocrx_word' id='word_1_281' title='bbox 1030 3585 1200 3669; x_wconf 88' lang='lat' dir='ltr'><strong>disciplina·</strong></span> <span class='ocrx_word' id='word_1_282' title='bbox 1224 3584 1385 3663; x_wconf 87' lang='lat' dir='ltr'><strong>absolutis,</strong></span> 
     </span>
     <span class='ocr_line' id='line_1_34' title="bbox 144 3687 1387 3774; baseline 0 -20"><span class='ocrx_word' id='word_1_283' title='bbox 144 3687 238 3754; x_wconf 86' lang='lat' dir='ltr'><strong>causa</strong></span> <span class='ocrx_word' id='word_1_284' title='bbox 259 3689 331 3754; x_wconf 88' lang='lat' dir='ltr'><strong>acta</strong></span> <span class='ocrx_word' id='word_1_285' title='bbox 349 3687 411 3754; x_wconf 89' lang='lat' dir='ltr'><strong>fuit</strong></span> <span class='ocrx_word' id='word_1_286' title='bbox 432 3689 464 3753; x_wconf 92' lang='lat' dir='ltr'><strong>in</strong></span> <span class='ocrx_word' id='word_1_287' title='bbox 485 3689 631 3772; x_wconf 89' lang='lat' dir='ltr'><strong>plenariis</strong></span> <span class='ocrx_word' id='word_1_288' title='bbox 654 3689 788 3756; x_wconf 89' lang='lat' dir='ltr'><strong>comitiis</strong></span> <span class='ocrx_word' id='word_1_289' title='bbox 806 3689 868 3755; x_wconf 91' lang='lat' dir='ltr'><strong>diei</strong></span> <span class='ocrx_word' id='word_1_290' title='bbox 887 3691 939 3756; x_wconf 79' lang='lat'><strong>22.</strong></span> <span class='ocrx_word' id='word_1_291' title='bbox 956 3688 1045 3756; x_wconf 89' lang='lat' dir='ltr'><strong>Juuii</strong></span> <span class='ocrx_word' id='word_1_292' title='bbox 1064 3688 1154 3768; x_wconf 85' lang='lat'><strong>1871,</strong></span> <span class='ocrx_word' id='word_1_293' title='bbox 1176 3690 1208 3754; x_wconf 92' lang='lat' dir='ltr'><strong>et</strong></span> <span class='ocrx_word' id='word_1_294' title='bbox 1224 3688 1387 3774; x_wconf 89' lang='lat' dir='ltr'><strong>propositis</strong></span> 
     </span>
     <span class='ocr_line' id='line_1_35' title="bbox 144 3792 1452 3888; baseline 0.002 -32"><span class='ocrx_word' id='word_1_295' title='bbox 144 3793 263 3857; x_wconf 90' lang='lat' dir='ltr'><strong>dubiis:</strong></span> <span class='ocrx_word' id='word_1_296' title='bbox 289 3827 323 3838; x_wconf 91' lang='lat'><em>-</em></span> <span class='ocrx_word' id='word_1_297' title='bbox 352 3792 409 3860; x_wconf 85' lang='lat' dir='ltr'><strong>An</strong></span> <span class='ocrx_word' id='word_1_298' title='bbox 430 3793 630 3876; x_wconf 72' lang='lat' dir='ltr'><strong>ecquomodo</strong></span> <span class='ocrx_word' id='word_1_299' title='bbox 652 3793 898 3878; x_wconf 86' lang='lat' dir='ltr'><strong>toleraripossit</strong></span> <span class='ocrx_word' id='word_1_300' title='bbox 920 3792 1388 3860; x_wconf 77' lang='lat' dir='ltr'><strong>consuetudoincasur-lst</strong></span> <span class='ocrx_word' id='word_1_301' title='bbox 1446 3877 1452 3888; x_wconf 72' lang='lat'><strong>,</strong></span> 
     </span>
     <span class='ocr_line' id='line_1_36' title="bbox 145 3896 1386 3982; baseline 0.001 -21"><span class='ocrx_word' id='word_1_302' title='bbox 145 3898 296 3980; x_wconf 89' lang='lat' dir='ltr'><strong>quatenus</strong></span> <span class='ocrx_word' id='word_1_303' title='bbox 318 3896 474 3982; x_wconf 85' lang='lat' dir='ltr'><strong>negative,</strong></span> <span class='ocrx_word' id='word_1_304' title='bbox 497 3933 536 3947; x_wconf 52' lang='grc' dir='ltr'><strong>-κ</strong></span> <span class='ocrx_word' id='word_1_305' title='bbox 558 3896 613 3962; x_wconf 80' lang='lat' dir='ltr'><strong>Aa</strong></span> <span class='ocrx_word' id='word_1_306' title='bbox 633 3902 666 3982; x_wconf 84' lang='lat' dir='ltr'><strong>cl</strong></span> <span class='ocrx_word' id='word_1_307' title='bbox 686 3898 837 3981; x_wconf 76' lang='lat' dir='ltr'><strong>quomodo</strong></span> <span class='ocrx_word' id='word_1_308' title='bbox 859 3897 1081 3963; x_wconf 86' lang='lat' dir='ltr'><strong>consulendum</strong></span> <span class='ocrx_word' id='word_1_309' title='bbox 1103 3897 1136 3962; x_wconf 93' lang='lat' dir='ltr'><strong>in</strong></span> <span class='ocrx_word' id='word_1_310' title='bbox 1159 3915 1248 3978; x_wconf 89' lang='lat' dir='ltr'><strong>casu,</strong></span> <span class='ocrx_word' id='word_1_311' title='bbox 1272 3933 1311 3946; x_wconf 93' lang='lat'>-</span> <span class='ocrx_word' id='word_1_312' title='bbox 1335 3915 1386 3962; x_wconf 89' lang='lat' dir='ltr'><strong>re·</strong></span> 
     </span>
     <span class='ocr_line' id='line_1_37' title="bbox 145 3999 1364 4084; baseline 0.002 -21"><span class='ocrx_word' id='word_1_313' title='bbox 145 4018 288 4083; x_wconf 90' lang='lat' dir='ltr'><strong>sponsum</strong></span> <span class='ocrx_word' id='word_1_314' title='bbox 311 4001 442 4084; x_wconf 82' lang='lat' dir='ltr'><strong>prodiitr</strong></span> <span class='ocrx_word' id='word_1_315' title='bbox 465 4037 509 4048; x_wconf 90' lang='lat'>-</span> <span class='ocrx_word' id='word_1_316' title='bbox 531 3999 647 4068; x_wconf 85' lang='lat' dir='ltr'><strong>Dtlolo</strong></span> <span class='ocrx_word' id='word_1_317' title='bbox 669 4002 702 4066; x_wconf 90' lang='lat' dir='ltr'><strong>et</strong></span> <span class='ocrx_word' id='word_1_318' title='bbox 720 4001 759 4066; x_wconf 90' lang='lat' dir='ltr'><strong>ad</strong></span> <span class='ocrx_word' id='word_1_319' title='bbox 782 4001 919 4078; x_wconf 87' lang='lat' dir='ltr'><strong>mentem</strong></span> <span class='ocrx_word' id='word_1_320' title='bbox 943 4001 982 4066; x_wconf 89' lang='lat' dir='ltr'><strong>D.</strong></span> <span class='ocrx_word' id='word_1_321' title='bbox 1005 4000 1171 4068; x_wconf 89' lang='lat' dir='ltr'><strong>secretario</strong></span> <span class='ocrx_word' id='word_1_322' title='bbox 1193 3999 1364 4084; x_wconf 91' lang='lat' dir='ltr'><strong>pauditam.</strong></span> 
     </span>
    </p>

    <p class='ocr_par' dir='ltr' id='par_1_7' title="bbox 144 4103 1388 4609">
     <span class='ocr_line' id='line_1_38' title="bbox 248 4103 1387 4190; baseline 0 -22"><span class='ocrx_word' id='word_1_323' title='bbox 248 4104 338 4170; x_wconf 78' lang='lat' dir='ltr'><strong>Auno</strong></span> <span class='ocrx_word' id='word_1_324' title='bbox 363 4105 446 4171; x_wconf 84' lang='lat'>1880</span> <span class='ocrx_word' id='word_1_325' title='bbox 468 4125 522 4188; x_wconf 90' lang='lat' dir='ltr'><strong>per</strong></span> <span class='ocrx_word' id='word_1_326' title='bbox 544 4103 716 4188; x_wconf 80' lang='lat' dir='ltr'><strong>Epistolam</strong></span> <span class='ocrx_word' id='word_1_327' title='bbox 737 4105 889 4188; x_wconf 87' lang='lat' dir='ltr'><strong>praesulis</strong></span> <span class='ocrx_word' id='word_1_328' title='bbox 912 4105 1122 4171; x_wconf 87' lang='lat' dir='ltr'><strong>Mindonensis</strong></span> <span class='ocrx_word' id='word_1_329' title='bbox 1149 4103 1288 4190; x_wconf 87' lang='lat' dir='ltr'><strong>quaestio</strong></span> <span class='ocrx_word' id='word_1_330' title='bbox 1310 4104 1387 4170; x_wconf 90' lang='lat' dir='ltr'><strong>haec</strong></span> 
     </span>
     <span class='ocr_line' id='line_1_39' title="bbox 144 4207 1388 4292; baseline 0.002 -21"><span class='ocrx_word' id='word_1_331' title='bbox 144 4207 259 4272; x_wconf 88' lang='lat' dir='ltr'><strong>iterum</strong></span> <span class='ocrx_word' id='word_1_332' title='bbox 282 4207 416 4272; x_wconf 88' lang='lat' dir='ltr'><strong>excitata</strong></span> <span class='ocrx_word' id='word_1_333' title='bbox 438 4208 508 4287; x_wconf 85' lang='lat' dir='ltr'><strong>luit,</strong></span> <span class='ocrx_word' id='word_1_334' title='bbox 532 4210 569 4273; x_wconf 92' lang='lat' dir='ltr'><strong>ut</strong></span> <span class='ocrx_word' id='word_1_335' title='bbox 590 4207 715 4273; x_wconf 88' lang='lat' dir='ltr'><strong>tandem</strong></span> <span class='ocrx_word' id='word_1_336' title='bbox 739 4208 906 4292; x_wconf 89' lang='lat' dir='ltr'><strong>aliquando</strong></span> <span class='ocrx_word' id='word_1_337' title='bbox 929 4207 988 4274; x_wconf 92' lang='lat' dir='ltr'><strong>bac</strong></span> <span class='ocrx_word' id='word_1_338' title='bbox 1009 4227 1100 4292; x_wconf 89' lang='lat' dir='ltr'><strong>super</strong></span> <span class='ocrx_word' id='word_1_339' title='bbox 1115 4207 1323 4274; x_wconf 87' lang='lat' dir='ltr'><strong>controversia</strong></span> <span class='ocrx_word' id='word_1_340' title='bbox 1337 4226 1388 4274; x_wconf 89' lang='lat' dir='ltr'><strong>so·</strong></span> 
     </span>
     <span class='ocr_line' id='line_1_40' title="bbox 145 4307 1388 4396; baseline 0.002 -22"><span class='ocrx_word' id='word_1_341' title='bbox 145 4308 225 4374; x_wconf 91' lang='lat' dir='ltr'><strong>lutio</strong></span> <span class='ocrx_word' id='word_1_342' title='bbox 246 4307 391 4392; x_wconf 83' lang='lat' dir='ltr'><strong>prodiret</strong></span> <span class='ocrx_word' id='word_1_343' title='bbox 428 4309 495 4375; x_wconf 89' lang='lat' dir='ltr'><strong>Hoc</strong></span> <span class='ocrx_word' id='word_1_344' title='bbox 516 4310 657 4393; x_wconf 89' lang='lat' dir='ltr'><strong>epistolio</strong></span> <span class='ocrx_word' id='word_1_345' title='bbox 676 4313 809 4394; x_wconf 87' lang='lat' dir='ltr'><strong>recepto,</strong></span> <span class='ocrx_word' id='word_1_346' title='bbox 831 4310 975 4394; x_wconf 85' lang='lat' dir='ltr'><strong>quoniam</strong></span> <span class='ocrx_word' id='word_1_347' title='bbox 998 4310 1101 4378; x_wconf 88' lang='lat' dir='ltr'><strong>inoliti</strong></span> <span class='ocrx_word' id='word_1_348' title='bbox 1116 4311 1205 4379; x_wconf 87' lang='lat' dir='ltr'><strong>Juris</strong></span> <span class='ocrx_word' id='word_1_349' title='bbox 1225 4312 1388 4396; x_wconf 90' lang='lat' dir='ltr'><strong>potissima</strong></span> 
     </span>
     <span class='ocr_line' id='line_1_41' title="bbox 146 4395 1388 4498; baseline 0.003 -22"><span class='ocrx_word' id='word_1_350' title='bbox 146 4412 227 4477; x_wconf 88' lang='lat' dir='ltr'><strong>ratio</strong></span> <span class='ocrx_word' id='word_1_351' title='bbox 250 4410 414 4477; x_wconf 87' lang='lat' dir='ltr'><strong>videbatur</strong></span> <span class='ocrx_word' id='word_1_352' title='bbox 433 4395 652 4496; x_wconf 78' lang='lat' dir='ltr'><strong>rimari&#39;posse</strong></span> <span class='ocrx_word' id='word_1_353' title='bbox 674 4414 707 4478; x_wconf 91' lang='lat' dir='ltr'><strong>in</strong></span> <span class='ocrx_word' id='word_1_354' title='bbox 728 4413 866 4498; x_wconf 84' lang='lat' dir='ltr'><strong>allegata</strong></span> <span class='ocrx_word' id='word_1_355' title='bbox 888 4414 1124 4495; x_wconf 88' lang='lat' dir='ltr'><strong>consuetudine,</strong></span> <span class='ocrx_word' id='word_1_356' title='bbox 1157 4415 1213 4481; x_wconf 88' lang='lat' dir='ltr'><strong>aba</strong></span> <span class='ocrx_word' id='word_1_357' title='bbox 1240 4433 1274 4480; x_wconf 89' lang='lat' dir='ltr'><strong>re</strong></span> <span class='ocrx_word' id='word_1_358' title='bbox 1304 4414 1388 4480; x_wconf 91' lang='lat' dir='ltr'><strong>hand</strong></span> 
     </span>
     <span class='ocr_line' id='line_1_42' title="bbox 146 4505 1388 4609; baseline 0.002 -28"><span class='ocrx_word' id='word_1_359' title='bbox 146 4533 213 4581; x_wconf 90' lang='lat' dir='ltr'><strong>esse</strong></span> <span class='ocrx_word' id='word_1_360' title='bbox 235 4514 380 4598; x_wconf 85' lang='lat' dir='ltr'><strong>putatum</strong></span> <span class='ocrx_word' id='word_1_361' title='bbox 400 4512 478 4591; x_wconf 88' lang='lat' dir='ltr'><strong>luit,</strong></span> <span class='ocrx_word' id='word_1_362' title='bbox 509 4515 665 4599; x_wconf 89' lang='lat' dir='ltr'><strong>exquirere</strong></span> <span class='ocrx_word' id='word_1_363' title='bbox 698 4516 855 4609; x_wconf 85' lang='lat' dir='ltr'><strong>vigentem</strong></span> <span class='ocrx_word' id='word_1_364' title='bbox 880 4514 1067 4585; x_wconf 84' lang='lat' dir='ltr'><strong>methodum</strong></span> <span class='ocrx_word' id='word_1_365' title='bbox 1084 4519 1116 4585; x_wconf 92' lang='lat' dir='ltr'><strong>iu</strong></span> <span class='ocrx_word' id='word_1_366' title='bbox 1138 4505 1288 4586; x_wconf 84' lang='lat' dir='ltr'><strong>tribunali</strong></span> <span class='ocrx_word' id='word_1_367' title='bbox 1311 4518 1388 4586; x_wconf 77' lang='lat' dir='ltr'><strong>Gar·</strong></span> 
     </span>
    </p>
   </div>
   <div class='ocr_carea' id='block_1_3' title="bbox 0 0 1543 4888">
    <p class='ocr_par' dir='ltr' id='par_1_8' title="bbox 0 0 1543 4888">
     <span class='ocr_line' id='line_1_43' title="bbox 0 0 1543 4888; baseline 0 0"><span class='ocrx_word' id='word_1_368' title='bbox 0 0 1543 4888; x_wconf 95' lang='lat' dir='ltr'><strong> </strong></span> 
     </span>
    </p>
   </div>
   <div class='ocr_carea' id='block_1_4' title="bbox 99 4837 837 4862">
    <p class='ocr_par' dir='ltr' id='par_1_9' title="bbox 99 4837 837 4862">
     <span class='ocr_line' id='line_1_44' title="bbox 99 4837 837 4862; baseline 0 0"><span class='ocrx_word' id='word_1_369' title='bbox 99 4837 837 4862; x_wconf 40' lang='lat' dir='ltr'><strong>Q—-m-.</strong></span> 
     </span>
    </p>
   </div>
  </div>
 </body>
</html>
