<?xml version="1.0" encoding="UTF-8"?>
<!DOCTYPE html PUBLIC "-//W3C//DTD XHTML 1.0 Transitional//EN"
    "http://www.w3.org/TR/xhtml1/DTD/xhtml1-transitional.dtd">
<html xmlns="http://www.w3.org/1999/xhtml" xml:lang="en" lang="en">
 <head>
  <title>
</title>
<meta http-equiv="Content-Type" content="text/html;charset=utf-8" />
  <meta name='ocr-system' content='tesseract 3.04.00' />
  <meta name='ocr-capabilities' content='ocr_page ocr_carea ocr_par ocr_line ocrx_word'/>
</head>
<body>
  <div class='ocr_page' id='page_1' title='image "./archivfrkatholi00unkngoog/archivfrkatholi00unkngoog_0151.png"; bbox 0 0 3072 4888; ppageno 0'>
   <div class='ocr_carea' id='block_1_1' title="bbox 190 177 1166 279">
    <p class='ocr_par' dir='ltr' id='par_1_1' title="bbox 190 177 1166 279">
     <span class='ocr_line' id='line_1_1' title="bbox 190 177 1166 279; baseline 0.009 -19"><span class='ocrx_word' id='word_1_1' title='bbox 190 186 251 260; x_wconf 81' lang='lat'><strong>146</strong></span> <span class='ocrx_word' id='word_1_2' title='bbox 445 177 481 266; x_wconf 75' lang='lat' dir='ltr'><strong>s.</strong></span> <span class='ocrx_word' id='word_1_3' title='bbox 500 203 619 267; x_wconf 76' lang='lat' dir='ltr'><strong>Poeno.</strong></span> <span class='ocrx_word' id='word_1_4' title='bbox 639 209 684 266; x_wconf 86' lang='lat' dir='ltr'><strong>re.</strong></span> <span class='ocrx_word' id='word_1_5' title='bbox 704 204 777 268; x_wconf 76' lang='lat' dir='ltr'><strong>non.</strong></span> <span class='ocrx_word' id='word_1_6' title='bbox 797 208 873 268; x_wconf 89' lang='lat' dir='ltr'><strong>reso</strong></span> <span class='ocrx_word' id='word_1_7' title='bbox 894 208 1010 272; x_wconf 76' lang='lat' dir='ltr'><strong>deuse</strong></span> <span class='ocrx_word' id='word_1_8' title='bbox 1028 208 1166 279; x_wconf 73' lang='lat' dir='ltr'><strong>matrem.</strong></span> 
     </span>
    </p>
   </div>
   <div class='ocr_carea' id='block_1_2' title="bbox 97 383 1433 4430">
    <p class='ocr_par' dir='ltr' id='par_1_2' title="bbox 180 383 1422 1510">
     <span class='ocr_line' id='line_1_2' title="bbox 187 383 1420 472; baseline 0.002 -23"><span class='ocrx_word' id='word_1_9' title='bbox 187 383 293 449; x_wconf 90' lang='lat' dir='ltr'><strong>haberi</strong></span> <span class='ocrx_word' id='word_1_10' title='bbox 319 384 429 467; x_wconf 87' lang='lat' dir='ltr'><strong>potest,</strong></span> <span class='ocrx_word' id='word_1_11' title='bbox 452 384 669 463; x_wconf 86' lang='lat' dir='ltr'><strong>substantiam,</strong></span> <span class='ocrx_word' id='word_1_12' title='bbox 692 386 728 450; x_wconf 87' lang='lat' dir='ltr'><strong>ut·</strong></span> <span class='ocrx_word' id='word_1_13' title='bbox 750 385 847 469; x_wconf 90' lang='lat' dir='ltr'><strong>ajunt,</strong></span> <span class='ocrx_word' id='word_1_14' title='bbox 873 387 954 472; x_wconf 91' lang='lat' dir='ltr'><strong>legis</strong></span> <span class='ocrx_word' id='word_1_15' title='bbox 973 387 1110 472; x_wconf 88' lang='lat' dir='ltr'><strong>conjugii</strong></span> <span class='ocrx_word' id='word_1_16' title='bbox 1125 387 1197 454; x_wconf 87' lang='lat' dir='ltr'><strong>-fieri</strong></span> <span class='ocrx_word' id='word_1_17' title='bbox 1220 389 1259 452; x_wconf 90' lang='lat' dir='ltr'><strong>ab</strong></span> <span class='ocrx_word' id='word_1_18' title='bbox 1282 388 1356 469; x_wconf 91' lang='lat' dir='ltr'><strong>illis,</strong></span> <span class='ocrx_word' id='word_1_19' title='bbox 1370 389 1420 471; x_wconf 91' lang='lat' dir='ltr'><strong>qui</strong></span> 
     </span>
     <span class='ocr_line' id='line_1_3' title="bbox 185 488 1422 575; baseline 0.005 -23"><span class='ocrx_word' id='word_1_20' title='bbox 185 488 289 554; x_wconf 88' lang='lat' dir='ltr'><strong>stante</strong></span> <span class='ocrx_word' id='word_1_21' title='bbox 311 488 407 554; x_wconf 89' lang='lat' dir='ltr'><strong>libero</strong></span> <span class='ocrx_word' id='word_1_22' title='bbox 430 489 620 554; x_wconf 72' lang='lat' dir='ltr'><strong>matrimonii</strong></span> <span class='ocrx_word' id='word_1_23' title='bbox 643 509 701 554; x_wconf 87' lang='lat' dir='ltr'><strong>usu</strong></span> <span class='ocrx_word' id='word_1_24' title='bbox 722 491 843 574; x_wconf 90' lang='lat' dir='ltr'><strong>tempus</strong></span> <span class='ocrx_word' id='word_1_25' title='bbox 865 491 968 556; x_wconf 87' lang='lat' dir='ltr'><strong>minus</strong></span> <span class='ocrx_word' id='word_1_26' title='bbox 991 491 1096 557; x_wconf 86' lang='lat' dir='ltr'><strong>fauens</strong></span> <span class='ocrx_word' id='word_1_27' title='bbox 1129 493 1336 575; x_wconf 68' lang='lat' dir='ltr'><strong>conceptioni,</strong></span> <span class='ocrx_word' id='word_1_28' title='bbox 1366 493 1422 558; x_wconf 86' lang='lat' dir='ltr'><strong>etsi</strong></span> 
     </span>
     <span class='ocr_line' id='line_1_4' title="bbox 185 591 1421 680; baseline 0.004 -25"><span class='ocrx_word' id='word_1_29' title='bbox 185 591 268 658; x_wconf 90' lang='lat' dir='ltr'><strong>dieto</strong></span> <span class='ocrx_word' id='word_1_30' title='bbox 290 591 350 658; x_wconf 89' lang='lat' dir='ltr'><strong>fine</strong></span> <span class='ocrx_word' id='word_1_31' title='bbox 373 612 409 658; x_wconf 91' lang='lat' dir='ltr'><strong>ao</strong></span> <span class='ocrx_word' id='word_1_32' title='bbox 432 611 560 676; x_wconf 89' lang='lat' dir='ltr'><strong>semper,</strong></span> <span class='ocrx_word' id='word_1_33' title='bbox 581 593 740 677; x_wconf 82' lang='lat' dir='ltr'><strong>elegerint.</strong></span> <span class='ocrx_word' id='word_1_34' title='bbox 787 594 848 676; x_wconf 80' lang='lat' dir='ltr'><strong>Qui</strong></span> <span class='ocrx_word' id='word_1_35' title='bbox 867 614 938 660; x_wconf 83' lang='lat' dir='ltr'><strong>uero</strong></span> <span class='ocrx_word' id='word_1_36' title='bbox 958 596 1177 662; x_wconf 77' lang='lat' dir='ltr'><strong>substantiam</strong></span> <span class='ocrx_word' id='word_1_37' title='bbox 1192 596 1270 680; x_wconf 88' lang='lat' dir='ltr'><strong>legis</strong></span> <span class='ocrx_word' id='word_1_38' title='bbox 1293 598 1421 680; x_wconf 89' lang='lat' dir='ltr'><strong>praesti-</strong></span> 
     </span>
     <span class='ocr_line' id='line_1_5' title="bbox 184 696 1419 784; baseline 0.004 -23"><span class='ocrx_word' id='word_1_39' title='bbox 184 696 268 774; x_wconf 90' lang='lat' dir='ltr'><strong>terit,</strong></span> <span class='ocrx_word' id='word_1_40' title='bbox 291 697 366 762; x_wconf 89' lang='lat' dir='ltr'><strong>licet</strong></span> <span class='ocrx_word' id='word_1_41' title='bbox 385 697 439 762; x_wconf 88' lang='lat' dir='ltr'><strong>fini</strong></span> <span class='ocrx_word' id='word_1_42' title='bbox 462 716 523 762; x_wconf 89' lang='lat' dir='ltr'><strong>non</strong></span> <span class='ocrx_word' id='word_1_43' title='bbox 541 697 666 780; x_wconf 90' lang='lat' dir='ltr'><strong>optimo,</strong></span> <span class='ocrx_word' id='word_1_44' title='bbox 689 717 749 782; x_wconf 91' lang='lat' dir='ltr'><strong>quo</strong></span> <span class='ocrx_word' id='word_1_45' title='bbox 774 699 889 777; x_wconf 85' lang='lat' dir='ltr'><strong>debuit,</strong></span> <span class='ocrx_word' id='word_1_46' title='bbox 915 700 1041 766; x_wconf 91' lang='lat' dir='ltr'><strong>consilio</strong></span> <span class='ocrx_word' id='word_1_47' title='bbox 1064 703 1096 765; x_wconf 87' lang='lat' dir='ltr'><strong>et</strong></span> <span class='ocrx_word' id='word_1_48' title='bbox 1119 719 1174 766; x_wconf 88' lang='lat' dir='ltr'><strong>neo</strong></span> <span class='ocrx_word' id='word_1_49' title='bbox 1195 700 1284 766; x_wconf 92' lang='lat' dir='ltr'><strong>modo</strong></span> <span class='ocrx_word' id='word_1_50' title='bbox 1298 709 1419 784; x_wconf 87' lang='lat' dir='ltr'><strong>respon·</strong></span> 
     </span>
     <span class='ocr_line' id='line_1_6' title="bbox 183 800 1420 888; baseline 0.004 -25"><span class='ocrx_word' id='word_1_51' title='bbox 183 800 310 864; x_wconf 89' lang='lat' dir='ltr'><strong>derit</strong></span> <span class='ocrx_word' id='word_1_52' title='bbox 287 820 313 865; x_wconf 92' lang='lat' dir='ltr'><strong>sr</strong></span> <span class='ocrx_word' id='word_1_53' title='bbox 336 801 525 878; x_wconf 73' lang='lat' dir='ltr'><strong>noralem,</strong></span> <span class='ocrx_word' id='word_1_54' title='bbox 548 802 662 878; x_wconf 87' lang='lat' dir='ltr'><strong>tamen,</strong></span> <span class='ocrx_word' id='word_1_55' title='bbox 687 802 834 867; x_wconf 88' lang='lat' dir='ltr'><strong>alethali</strong></span> <span class='ocrx_word' id='word_1_56' title='bbox 854 803 968 868; x_wconf 89' lang='lat' dir='ltr'><strong>delicto</strong></span> <span class='ocrx_word' id='word_1_57' title='bbox 991 804 1110 870; x_wconf 90' lang='lat' dir='ltr'><strong>alicnus</strong></span> <span class='ocrx_word' id='word_1_58' title='bbox 1133 807 1237 871; x_wconf 87' lang='lat' dir='ltr'><strong>censet</strong></span> <span class='ocrx_word' id='word_1_59' title='bbox 1239 824 1284 882; x_wconf 94' lang='lat' dir='ltr'><strong>ur,</strong></span> <span class='ocrx_word' id='word_1_60' title='bbox 1312 805 1420 888; x_wconf 91' lang='lat' dir='ltr'><strong>quibus</strong></span> 
     </span>
     <span class='ocr_line' id='line_1_7' title="bbox 182 877 1420 1003; baseline 0.002 -34"><span class='ocrx_word' id='word_1_61' title='bbox 182 885 376 988; x_wconf 79' lang='lat' dir='ltr'><strong>quaestiones</strong></span> <span class='ocrx_word' id='word_1_62' title='bbox 398 907 514 1003; x_wconf 81' lang='lat' dir='ltr'><strong>priores</strong></span> <span class='ocrx_word' id='word_1_63' title='bbox 535 909 608 970; x_wconf 91' lang='lat' dir='ltr'><strong>sunt</strong></span> <span class='ocrx_word' id='word_1_64' title='bbox 630 906 855 971; x_wconf 88' lang='lat' dir='ltr'><strong>dilucidandae.</strong></span> <span class='ocrx_word' id='word_1_65' title='bbox 901 877 988 990; x_wconf 72' lang='lat' dir='ltr'><strong>Quod</strong></span> <span class='ocrx_word' id='word_1_66' title='bbox 1016 905 1087 973; x_wconf 80' lang='lat' dir='ltr'><strong>uero</strong></span> <span class='ocrx_word' id='word_1_67' title='bbox 1118 909 1382 990; x_wconf 82' lang='lat' dir='ltr'><strong>confessarium</strong></span> <span class='ocrx_word' id='word_1_68' title='bbox 1358 928 1420 973; x_wconf 89' lang='lat' dir='ltr'><strong>srva</strong></span> 
     </span>
     <span class='ocr_line' id='line_1_8' title="bbox 182 998 1418 1110; baseline 0.003 -37"><span class='ocrx_word' id='word_1_69' title='bbox 182 1027 304 1074; x_wconf 80' lang='lat' dir='ltr'><strong>uxorem</strong></span> <span class='ocrx_word' id='word_1_70' title='bbox 324 1009 455 1086; x_wconf 83' lang='lat' dir='ltr'><strong>attinet,</strong></span> <span class='ocrx_word' id='word_1_71' title='bbox 490 1009 563 1092; x_wconf 91' lang='lat' dir='ltr'><strong>quid</strong></span> <span class='ocrx_word' id='word_1_72' title='bbox 587 998 745 1092; x_wconf 90' lang='lat' dir='ltr'><strong>probibet,</strong></span> <span class='ocrx_word' id='word_1_73' title='bbox 778 1011 940 1094; x_wconf 88' lang='lat' dir='ltr'><strong>quominus</strong></span> <span class='ocrx_word' id='word_1_74' title='bbox 964 1013 1092 1078; x_wconf 88' lang='lat' dir='ltr'><strong>utantur</strong></span> <span class='ocrx_word' id='word_1_75' title='bbox 1111 1014 1235 1094; x_wconf 86' lang='lat' dir='ltr'><strong>recepta</strong></span> <span class='ocrx_word' id='word_1_76' title='bbox 1255 1012 1418 1110; x_wconf 88' lang='lat' dir='ltr'><strong>sententia,</strong></span> 
     </span>
     <span class='ocr_line' id='line_1_9' title="bbox 180 1112 1420 1200; baseline 0.004 -24"><span class='ocrx_word' id='word_1_77' title='bbox 180 1112 272 1178; x_wconf 86' lang='lat' dir='ltr'><strong>licere</strong></span> <span class='ocrx_word' id='word_1_78' title='bbox 296 1113 417 1178; x_wconf 88' lang='lat' dir='ltr'><strong>alicui</strong></span> <span class='ocrx_word' id='word_1_79' title='bbox 409 1132 548 1197; x_wconf 75' lang='lat' dir='ltr'><strong>ingerere</strong></span> <span class='ocrx_word' id='word_1_80' title='bbox 569 1114 670 1180; x_wconf 87' lang='lat' dir='ltr'><strong>miuus</strong></span> <span class='ocrx_word' id='word_1_81' title='bbox 695 1114 829 1194; x_wconf 90' lang='lat' dir='ltr'><strong>malum,</strong></span> <span class='ocrx_word' id='word_1_82' title='bbox 860 1115 913 1198; x_wconf 94' lang='lat' dir='ltr'><strong>qui</strong></span> <span class='ocrx_word' id='word_1_83' title='bbox 941 1115 1008 1200; x_wconf 90' lang='lat' dir='ltr'><strong>jam</strong></span> <span class='ocrx_word' id='word_1_84' title='bbox 1033 1115 1215 1200; x_wconf 86' lang='lat' dir='ltr'><strong>aggreditur</strong></span> <span class='ocrx_word' id='word_1_85' title='bbox 1237 1116 1356 1199; x_wconf 83' lang='lat' dir='ltr'><strong>majus,</strong></span> <span class='ocrx_word' id='word_1_86' title='bbox 1387 1136 1420 1182; x_wconf 88' lang='lat' dir='ltr'><strong>eo</strong></span> 
     </span>
     <span class='ocr_line' id='line_1_10' title="bbox 181 1217 1418 1304; baseline 0.002 -23"><span class='ocrx_word' id='word_1_87' title='bbox 181 1217 315 1296; x_wconf 84' lang='lat' dir='ltr'><strong>fortiori,</strong></span> <span class='ocrx_word' id='word_1_88' title='bbox 339 1237 434 1300; x_wconf 90' lang='lat' dir='ltr'><strong>quum</strong></span> <span class='ocrx_word' id='word_1_89' title='bbox 458 1217 552 1296; x_wconf 81' lang='lat' dir='ltr'><strong>levia,</strong></span> <span class='ocrx_word' id='word_1_90' title='bbox 576 1237 655 1302; x_wconf 92' lang='lat' dir='ltr'><strong>quae</strong></span> <span class='ocrx_word' id='word_1_91' title='bbox 673 1218 706 1282; x_wconf 91' lang='lat' dir='ltr'><strong>in</strong></span> <span class='ocrx_word' id='word_1_92' title='bbox 727 1219 776 1283; x_wconf 92' lang='lat' dir='ltr'><strong>bis</strong></span> <span class='ocrx_word' id='word_1_93' title='bbox 798 1221 954 1304; x_wconf 86' lang='lat' dir='ltr'><strong>appareat</strong></span> <span class='ocrx_word' id='word_1_94' title='bbox 933 1219 1050 1283; x_wconf 87' lang='lat' dir='ltr'><strong>tfinis</strong></span> <span class='ocrx_word' id='word_1_95' title='bbox 1072 1221 1210 1286; x_wconf 88' lang='lat' dir='ltr'><strong>turbatio</strong></span> <span class='ocrx_word' id='word_1_96' title='bbox 1232 1218 1301 1284; x_wconf 88' lang='lat' dir='ltr'><strong>aliis</strong></span> <span class='ocrx_word' id='word_1_97' title='bbox 1322 1219 1418 1284; x_wconf 86' lang='lat' dir='ltr'><strong>ratio-</strong></span> 
     </span>
     <span class='ocr_line' id='line_1_11' title="bbox 180 1321 1419 1428; baseline 0.002 -42"><span class='ocrx_word' id='word_1_98' title='bbox 180 1322 270 1386; x_wconf 88' lang='lat' dir='ltr'><strong>nibus</strong></span> <span class='ocrx_word' id='word_1_99' title='bbox 293 1321 508 1387; x_wconf 88' lang='lat' dir='ltr'><strong>accedentibus</strong></span> <span class='ocrx_word' id='word_1_100' title='bbox 531 1323 655 1388; x_wconf 82' lang='lat' dir='ltr'><strong>omnino</strong></span> <span class='ocrx_word' id='word_1_101' title='bbox 678 1341 857 1388; x_wconf 88' lang='lat' dir='ltr'><strong>evanescere</strong></span> <span class='ocrx_word' id='word_1_102' title='bbox 880 1323 970 1389; x_wconf 89' lang='lat' dir='ltr'><strong>lacile</strong></span> <span class='ocrx_word' id='word_1_103' title='bbox 988 1326 1094 1428; x_wconf 87' lang='lat' dir='ltr'><strong>possit,</strong></span> <span class='ocrx_word' id='word_1_104' title='bbox 1118 1343 1250 1407; x_wconf 89' lang='lat' dir='ltr'><strong>quarum</strong></span> <span class='ocrx_word' id='word_1_105' title='bbox 1264 1326 1419 1389; x_wconf 89' lang='lat' dir='ltr'><strong>rationum</strong></span> 
     </span>
     <span class='ocr_line' id='line_1_12' title="bbox 180 1426 822 1510; baseline 0.003 -20"><span class='ocrx_word' id='word_1_106' title='bbox 180 1426 211 1490; x_wconf 91' lang='lat' dir='ltr'><strong>in</strong></span> <span class='ocrx_word' id='word_1_107' title='bbox 236 1426 415 1510; x_wconf 88' lang='lat' dir='ltr'><strong>quaestione</strong></span> <span class='ocrx_word' id='word_1_108' title='bbox 435 1427 531 1493; x_wconf 89' lang='lat' dir='ltr'><strong>tertia</strong></span> <span class='ocrx_word' id='word_1_109' title='bbox 552 1429 668 1494; x_wconf 91' lang='lat' dir='ltr'><strong>mentio</strong></span> <span class='ocrx_word' id='word_1_110' title='bbox 692 1428 822 1495; x_wconf 86' lang='lat' dir='ltr'><strong>ridetur.</strong></span> 
     </span>
    </p>

    <p class='ocr_par' dir='ltr' id='par_1_3' title="bbox 175 1525 1418 2138">
     <span class='ocr_line' id='line_1_13' title="bbox 282 1525 1418 1616; baseline 0.004 -22"><span class='ocrx_word' id='word_1_111' title='bbox 282 1529 438 1610; x_wconf 82' lang='lat' dir='ltr'><strong>Quibust</strong></span> <span class='ocrx_word' id='word_1_112' title='bbox 440 1551 527 1596; x_wconf 90' lang='lat' dir='ltr'><strong>amen</strong></span> <span class='ocrx_word' id='word_1_113' title='bbox 548 1525 607 1603; x_wconf 84' lang='lat' dir='ltr'><strong>non</strong></span> <span class='ocrx_word' id='word_1_114' title='bbox 628 1532 820 1615; x_wconf 89' lang='lat' dir='ltr'><strong>urgentibus,</strong></span> <span class='ocrx_word' id='word_1_115' title='bbox 844 1533 1015 1616; x_wconf 91' lang='lat' dir='ltr'><strong>praecipue,</strong></span> <span class='ocrx_word' id='word_1_116' title='bbox 1039 1533 1065 1598; x_wconf 89' lang='lat' dir='ltr'><strong>si</strong></span> <span class='ocrx_word' id='word_1_117' title='bbox 1081 1531 1232 1598; x_wconf 89' lang='lat' dir='ltr'><strong>ouanismi</strong></span> <span class='ocrx_word' id='word_1_118' title='bbox 1248 1532 1418 1616; x_wconf 86' lang='lat' dir='ltr'><strong>periculum</strong></span> 
     </span>
     <span class='ocr_line' id='line_1_14' title="bbox 179 1635 1418 1721; baseline 0.002 -23"><span class='ocrx_word' id='word_1_119' title='bbox 179 1635 381 1700; x_wconf 83' lang='lat' dir='ltr'><strong>alteratione</strong></span> <span class='ocrx_word' id='word_1_120' title='bbox 405 1635 552 1701; x_wconf 84' lang='lat' dir='ltr'><strong>dimoveri</strong></span> <span class='ocrx_word' id='word_1_121' title='bbox 575 1637 681 1720; x_wconf 88' lang='lat' dir='ltr'><strong>possit,</strong></span> <span class='ocrx_word' id='word_1_122' title='bbox 706 1636 884 1721; x_wconf 86' lang='lat' dir='ltr'><strong>hujusmodi</strong></span> <span class='ocrx_word' id='word_1_123' title='bbox 907 1637 1068 1703; x_wconf 89' lang='lat' dir='ltr'><strong>eonsilium</strong></span> <span class='ocrx_word' id='word_1_124' title='bbox 1090 1637 1216 1720; x_wconf 87' lang='lat' dir='ltr'><strong>injicere</strong></span> <span class='ocrx_word' id='word_1_125' title='bbox 1232 1655 1300 1701; x_wconf 85' lang='lat' dir='ltr'><strong>mon</strong></span> <span class='ocrx_word' id='word_1_126' title='bbox 1316 1637 1418 1714; x_wconf 89' lang='lat' dir='ltr'><strong>licere,</strong></span> 
     </span>
     <span class='ocr_line' id='line_1_15' title="bbox 177 1739 1417 1824; baseline 0 -20"><span class='ocrx_word' id='word_1_127' title='bbox 177 1740 256 1818; x_wconf 85' lang='lat' dir='ltr'><strong>imo,</strong></span> <span class='ocrx_word' id='word_1_128' title='bbox 289 1740 315 1803; x_wconf 85' lang='lat' dir='ltr'><strong>si</strong></span> <span class='ocrx_word' id='word_1_129' title='bbox 348 1739 471 1806; x_wconf 90' lang='lat' dir='ltr'><strong>incaute</strong></span> <span class='ocrx_word' id='word_1_130' title='bbox 504 1740 577 1820; x_wconf 88' lang='lat' dir='ltr'><strong>fiat,</strong></span> <span class='ocrx_word' id='word_1_131' title='bbox 612 1741 784 1824; x_wconf 90' lang='lat' dir='ltr'><strong>periculum</strong></span> <span class='ocrx_word' id='word_1_132' title='bbox 811 1740 962 1806; x_wconf 88' lang='lat' dir='ltr'><strong>ouanismi</strong></span> <span class='ocrx_word' id='word_1_133' title='bbox 985 1740 1044 1806; x_wconf 85' lang='lat' dir='ltr'><strong>tali</strong></span> <span class='ocrx_word' id='word_1_134' title='bbox 1067 1741 1194 1807; x_wconf 88' lang='lat' dir='ltr'><strong>consilio</strong></span> <span class='ocrx_word' id='word_1_135' title='bbox 1217 1741 1327 1824; x_wconf 88' lang='lat' dir='ltr'><strong>augeri</strong></span> <span class='ocrx_word' id='word_1_136' title='bbox 1349 1741 1417 1806; x_wconf 89' lang='lat' dir='ltr'><strong>ani-</strong></span> 
     </span>
     <span class='ocr_line' id='line_1_16' title="bbox 178 1835 1418 1929; baseline -0.001 -19"><span class='ocrx_word' id='word_1_137' title='bbox 178 1864 323 1928; x_wconf 91' lang='lat' dir='ltr'><strong>mumque</strong></span> <span class='ocrx_word' id='word_1_138' title='bbox 345 1845 455 1928; x_wconf 90' lang='lat' dir='ltr'><strong>sopiri,</strong></span> <span class='ocrx_word' id='word_1_139' title='bbox 487 1841 564 1912; x_wconf 89' lang='lat' dir='ltr'><strong>bene</strong></span> <span class='ocrx_word' id='word_1_140' title='bbox 593 1848 641 1910; x_wconf 90' lang='lat' dir='ltr'><strong>est</strong></span> <span class='ocrx_word' id='word_1_141' title='bbox 668 1845 899 1913; x_wconf 82' lang='lat' dir='ltr'><strong>advertendum.</strong></span> <span class='ocrx_word' id='word_1_142' title='bbox 946 1835 1049 1910; x_wconf 80' lang='lat' dir='ltr'><strong>Unde</strong></span> <span class='ocrx_word' id='word_1_143' title='bbox 1065 1845 1220 1924; x_wconf 87' lang='lat' dir='ltr'><strong>manauit,</strong></span> <span class='ocrx_word' id='word_1_144' title='bbox 1259 1864 1338 1929; x_wconf 89' lang='lat' dir='ltr'><strong>quae</strong></span> <span class='ocrx_word' id='word_1_145' title='bbox 1370 1865 1418 1910; x_wconf 86' lang='lat' dir='ltr'><strong>se·</strong></span> 
     </span>
     <span class='ocr_line' id='line_1_17' title="bbox 176 1948 1418 2034; baseline -0.002 -20"><span class='ocrx_word' id='word_1_146' title='bbox 176 1951 290 2034; x_wconf 90' lang='lat' dir='ltr'><strong>quitur,</strong></span> <span class='ocrx_word' id='word_1_147' title='bbox 310 1949 429 2015; x_wconf 51' lang='lat' dir='ltr'><strong>¹decisio</strong></span> <span class='ocrx_word' id='word_1_148' title='bbox 449 1948 479 2017; x_wconf 84' lang='lat' dir='ltr'><strong>S.</strong></span> <span class='ocrx_word' id='word_1_149' title='bbox 502 1951 779 2029; x_wconf 84' lang='lat' dir='ltr'><strong>Paenitentiariae,</strong></span> <span class='ocrx_word' id='word_1_150' title='bbox 803 1969 880 2034; x_wconf 87' lang='lat' dir='ltr'><strong>quae</strong></span> <span class='ocrx_word' id='word_1_151' title='bbox 904 1950 1070 2034; x_wconf 89' lang='lat' dir='ltr'><strong>diligenter</strong></span> <span class='ocrx_word' id='word_1_152' title='bbox 1092 1949 1248 2034; x_wconf 90' lang='lat' dir='ltr'><strong>perpensis</strong></span> <span class='ocrx_word' id='word_1_153' title='bbox 1272 1951 1418 2034; x_wconf 82' lang='lat' dir='ltr'><strong>expositis</strong></span> 
     </span>
     <span class='ocr_line' id='line_1_18' title="bbox 175 2051 1301 2138; baseline -0.002 -18"><span class='ocrx_word' id='word_1_154' title='bbox 175 2055 351 2138; x_wconf 87' lang='lat' dir='ltr'><strong>respondit:</strong></span> <span class='ocrx_word' id='word_1_155' title='bbox 1296 2051 1301 2055; x_wconf 77' lang='grc'><strong>’</strong></span> 
     </span>
    </p>

    <p class='ocr_par' dir='ltr' id='par_1_4' title="bbox 281 2157 1417 2248">
     <span class='ocr_line' id='line_1_19' title="bbox 281 2157 1417 2248; baseline 0.003 -30"><span class='ocrx_word' id='word_1_156' title='bbox 281 2158 451 2242; x_wconf 78' lang='lat' dir='ltr'><strong>»Oonjugcs</strong></span> <span class='ocrx_word' id='word_1_157' title='bbox 475 2157 630 2242; x_wconf 88' lang='lat' dir='ltr'><strong>praedicto</strong></span> <span class='ocrx_word' id='word_1_158' title='bbox 651 2157 740 2223; x_wconf 90' lang='lat' dir='ltr'><strong>modo</strong></span> <span class='ocrx_word' id='word_1_159' title='bbox 760 2157 957 2248; x_wconf 80' lang='lat' dir='ltr'><strong>matrimonio</strong></span> <span class='ocrx_word' id='word_1_160' title='bbox 981 2160 1104 2224; x_wconf 91' lang='lat' dir='ltr'><strong>utentes</strong></span> <span class='ocrx_word' id='word_1_161' title='bbox 1120 2157 1338 2241; x_wconf 85' lang='lat' dir='ltr'><strong>inquietandos</strong></span> <span class='ocrx_word' id='word_1_162' title='bbox 1358 2177 1417 2222; x_wconf 90' lang='lat' dir='ltr'><strong>non</strong></span> 
     </span>
    </p>

    <p class='ocr_par' dir='ltr' id='par_1_5' title="bbox 150 2254 1416 2536">
     <span class='ocr_line' id='line_1_20' title="bbox 150 2254 1415 2346; baseline -0.002 -18"><span class='ocrx_word' id='word_1_163' title='bbox 150 2254 249 2343; x_wconf 81' lang='lat' dir='ltr'><strong>esse,</strong></span> <span class='ocrx_word' id='word_1_164' title='bbox 274 2282 421 2346; x_wconf 89' lang='lat' dir='ltr'><strong>posseque</strong></span> <span class='ocrx_word' id='word_1_165' title='bbox 444 2263 662 2328; x_wconf 86' lang='lat' dir='ltr'><strong>confessarium</strong></span> <span class='ocrx_word' id='word_1_166' title='bbox 684 2262 879 2340; x_wconf 88' lang='lat' dir='ltr'><strong>sententiam,</strong></span> <span class='ocrx_word' id='word_1_167' title='bbox 903 2262 940 2327; x_wconf 88' lang='lat' dir='ltr'><strong>de</strong></span> <span class='ocrx_word' id='word_1_168' title='bbox 963 2282 1024 2344; x_wconf 89' lang='lat' dir='ltr'><strong>qua</strong></span> <span class='ocrx_word' id='word_1_169' title='bbox 1048 2262 1163 2346; x_wconf 87' lang='lat' dir='ltr'><strong>agitur,</strong></span> <span class='ocrx_word' id='word_1_170' title='bbox 1185 2261 1249 2326; x_wconf 90' lang='lat' dir='ltr'><strong>illis</strong></span> <span class='ocrx_word' id='word_1_171' title='bbox 1274 2262 1415 2346; x_wconf 87' lang='lat' dir='ltr'><strong>conjugi-</strong></span> 
     </span>
     <span class='ocr_line' id='line_1_21' title="bbox 174 2355 1416 2450; baseline -0.003 -17"><span class='ocrx_word' id='word_1_172' title='bbox 174 2368 240 2446; x_wconf 87' lang='lat' dir='ltr'><strong>bus,</strong></span> <span class='ocrx_word' id='word_1_173' title='bbox 264 2370 353 2433; x_wconf 89' lang='lat' dir='ltr'><strong>oaute</strong></span> <span class='ocrx_word' id='word_1_174' title='bbox 376 2369 492 2446; x_wconf 89' lang='lat' dir='ltr'><strong>tamen,</strong></span> <span class='ocrx_word' id='word_1_175' title='bbox 515 2355 680 2446; x_wconf 88' lang='lat' dir='ltr'><strong>ilrsinuare,</strong></span> <span class='ocrx_word' id='word_1_176' title='bbox 705 2385 781 2450; x_wconf 86' lang='lat' dir='ltr'><strong>quoe</strong></span> <span class='ocrx_word' id='word_1_177' title='bbox 803 2365 866 2430; x_wconf 90' lang='lat' dir='ltr'><strong>alia</strong></span> <span class='ocrx_word' id='word_1_178' title='bbox 888 2366 1006 2431; x_wconf 89' lang='lat' dir='ltr'><strong>ratione</strong></span> <span class='ocrx_word' id='word_1_179' title='bbox 1029 2385 1047 2430; x_wconf 90' lang='lat' dir='ltr'><strong>a</strong></span> <span class='ocrx_word' id='word_1_180' title='bbox 1069 2365 1248 2431; x_wconf 88' lang='lat' dir='ltr'><strong>detestabili</strong></span> <span class='ocrx_word' id='word_1_181' title='bbox 1261 2366 1416 2431; x_wconf 84' lang='lat' dir='ltr'><strong>ouanismi</strong></span> 
     </span>
     <span class='ocr_line' id='line_1_22' title="bbox 173 2469 830 2536; baseline -0.003 0"><span class='ocrx_word' id='word_1_182' title='bbox 173 2471 300 2536; x_wconf 88' lang='lat' dir='ltr'><strong>crimine</strong></span> <span class='ocrx_word' id='word_1_183' title='bbox 322 2471 472 2536; x_wconf 88' lang='lat' dir='ltr'><strong>abducere</strong></span> <span class='ocrx_word' id='word_1_184' title='bbox 496 2469 612 2536; x_wconf 86' lang='lat' dir='ltr'><strong>frustra</strong></span> <span class='ocrx_word' id='word_1_185' title='bbox 634 2469 830 2536; x_wconf 77' lang='lat' dir='ltr'><strong>tentaverit«</strong></span> 
     </span>
    </p>

    <p class='ocr_par' dir='ltr' id='par_1_6' title="bbox 277 2571 1174 2642">
     <span class='ocr_line' id='line_1_23' title="bbox 277 2571 1174 2642; baseline -0.001 -3"><span class='ocrx_word' id='word_1_186' title='bbox 277 2576 392 2641; x_wconf 91' lang='lat' dir='ltr'><strong>Datum</strong></span> <span class='ocrx_word' id='word_1_187' title='bbox 414 2571 560 2642; x_wconf 89' lang='lat' dir='ltr'><strong>Romae</strong></span> <span class='ocrx_word' id='word_1_188' title='bbox 552 2593 632 2641; x_wconf 91' lang='lat' dir='ltr'><strong>rns.</strong></span> <span class='ocrx_word' id='word_1_189' title='bbox 656 2575 829 2662; x_wconf 83' lang='lat' dir='ltr'><strong>Poenitten</strong></span> <span class='ocrx_word' id='word_1_190' title='bbox 807 2573 883 2638; x_wconf 92' lang='lat' dir='ltr'><strong>t.d</strong></span> <span class='ocrx_word' id='word_1_191' title='bbox 908 2575 957 2639; x_wconf 90' lang='grc'><strong>16</strong></span> <span class='ocrx_word' id='word_1_192' title='bbox 981 2574 1055 2640; x_wconf 82' lang='lat' dir='ltr'><strong>lun</strong></span> <span class='ocrx_word' id='word_1_193' title='bbox 1081 2573 1174 2639; x_wconf 83' lang='lat'><strong>1880.</strong></span> 
     </span>
    </p>

    <p class='ocr_par' dir='ltr' id='par_1_7' title="bbox 689 2678 1338 2867">
     <span class='ocr_line' id='line_1_24' title="bbox 811 2678 1205 2745; baseline -0.003 -2"><span class='ocrx_word' id='word_1_194' title='bbox 811 2680 849 2744; x_wconf 88' lang='lat' dir='ltr'><strong>A.</strong></span> <span class='ocrx_word' id='word_1_195' title='bbox 873 2678 962 2745; x_wconf 76' lang='lat' dir='ltr'><strong>(lard.</strong></span> <span class='ocrx_word' id='word_1_196' title='bbox 986 2678 1136 2744; x_wconf 82' lang='grc' dir='ltr'>ΒιιιοΡ.</span> <span class='ocrx_word' id='word_1_197' title='bbox 1162 2678 1205 2742; x_wconf 86' lang='grc' dir='ltr'><strong>Μ.</strong></span> 
     </span>
     <span class='ocr_line' id='line_1_25' title="bbox 689 2769 1338 2867; baseline -0.003 -20"><span class='ocrx_word' id='word_1_198' title='bbox 689 2783 762 2867; x_wconf 86' lang='lat' dir='ltr'><strong>Hip.</strong></span> <span class='ocrx_word' id='word_1_199' title='bbox 787 2769 905 2849; x_wconf 81' lang='lat' dir='ltr'><strong>Oeneus</strong></span> <span class='ocrx_word' id='word_1_200' title='bbox 928 2781 1125 2848; x_wconf 84' lang='lat' dir='ltr'><strong>Potombn&#39;S.</strong></span> <span class='ocrx_word' id='word_1_201' title='bbox 1150 2783 1183 2847; x_wconf 90' lang='lat' dir='ltr'><strong>P.</strong></span> <span class='ocrx_word' id='word_1_202' title='bbox 1207 2781 1338 2847; x_wconf 87' lang='lat' dir='ltr'><strong>Secrius.</strong></span> 
     </span>
    </p>

    <p class='ocr_par' dir='ltr' id='par_1_8' title="bbox 166 2886 1433 3699">
     <span class='ocr_line' id='line_1_26' title="bbox 274 2886 1433 2973; baseline -0.004 -18"><span class='ocrx_word' id='word_1_203' title='bbox 274 2891 323 2955; x_wconf 83' lang='lat' dir='ltr'><strong>Ad</strong></span> <span class='ocrx_word' id='word_1_204' title='bbox 346 2890 476 2973; x_wconf 91' lang='lat' dir='ltr'><strong>primam</strong></span> <span class='ocrx_word' id='word_1_205' title='bbox 499 2889 547 2953; x_wconf 89' lang='lat' dir='ltr'><strong>uti</strong></span> <span class='ocrx_word' id='word_1_206' title='bbox 569 2890 657 2972; x_wconf 89' lang='lat' dir='ltr'><strong>patet</strong></span> <span class='ocrx_word' id='word_1_207' title='bbox 679 2888 890 2971; x_wconf 90' lang='lat' dir='ltr'><strong>quaestionem</strong></span> <span class='ocrx_word' id='word_1_208' title='bbox 915 2906 997 2952; x_wconf 91' lang='lat' dir='ltr'><strong>mere</strong></span> <span class='ocrx_word' id='word_1_209' title='bbox 1021 2886 1221 2953; x_wconf 76' lang='lat' dir='ltr'><strong>doctrinalem</strong></span> <span class='ocrx_word' id='word_1_210' title='bbox 1246 2906 1270 2952; x_wconf 91' lang='lat' dir='ltr'><strong>s.</strong></span> <span class='ocrx_word' id='word_1_211' title='bbox 1290 2887 1433 2952; x_wconf 86' lang='lat' dir='ltr'><strong>Poenit.¹</strong></span> 
     </span>
     <span class='ocr_line' id='line_1_27' title="bbox 170 2991 1416 3077; baseline -0.002 -19"><span class='ocrx_word' id='word_1_212' title='bbox 170 2993 249 3059; x_wconf 90' lang='lat' dir='ltr'><strong>nibil</strong></span> <span class='ocrx_word' id='word_1_213' title='bbox 271 2994 435 3077; x_wconf 90' lang='lat' dir='ltr'><strong>respondit.</strong></span> <span class='ocrx_word' id='word_1_214' title='bbox 460 2993 579 3076; x_wconf 83' lang='lat' dir='ltr'><strong>Adjicit</strong></span> <span class='ocrx_word' id='word_1_215' title='bbox 603 2995 707 3058; x_wconf 90' lang='lat' dir='ltr'><strong>antem</strong></span> <span class='ocrx_word' id='word_1_216' title='bbox 732 2992 784 3056; x_wconf 88' lang='lat' dir='ltr'><strong>Dr.</strong></span> <span class='ocrx_word' id='word_1_217' title='bbox 809 2992 936 3058; x_wconf 82' lang='lat' dir='ltr'><strong>Kotout</strong></span> <span class='ocrx_word' id='word_1_218' title='bbox 958 2992 978 3057; x_wconf 88' lang='lat' dir='ltr'><strong>l.</strong></span> <span class='ocrx_word' id='word_1_219' title='bbox 1003 3010 1047 3070; x_wconf 82' lang='lat' dir='ltr'><strong>u,</strong></span> <span class='ocrx_word' id='word_1_220' title='bbox 1071 2991 1198 3056; x_wconf 90' lang='lat' dir='ltr'><strong>eandem</strong></span> <span class='ocrx_word' id='word_1_221' title='bbox 1221 2991 1416 3056; x_wconf 88' lang='lat' dir='ltr'><strong>intercedere</strong></span> 
     </span>
     <span class='ocr_line' id='line_1_28' title="bbox 169 3084 1414 3180; baseline -0.005 -16"><span class='ocrx_word' id='word_1_222' title='bbox 169 3099 266 3166; x_wconf 90' lang='lat' dir='ltr'><strong>videri</strong></span> <span class='ocrx_word' id='word_1_223' title='bbox 290 3098 458 3169; x_wconf 74' lang='lat' dir='ltr'><strong>rationem,</strong></span> <span class='ocrx_word' id='word_1_224' title='bbox 494 3097 521 3162; x_wconf 90' lang='lat' dir='ltr'><strong>si</strong></span> <span class='ocrx_word' id='word_1_225' title='bbox 555 3098 737 3180; x_wconf 90' lang='lat' dir='ltr'><strong>quaeratur,</strong></span> <span class='ocrx_word' id='word_1_226' title='bbox 770 3095 864 3161; x_wconf 90' lang='lat' dir='ltr'><strong>liceat</strong></span> <span class='ocrx_word' id='word_1_227' title='bbox 895 3095 980 3161; x_wconf 82' lang='lat' dir='ltr'><strong>uxori</strong></span> <span class='ocrx_word' id='word_1_228' title='bbox 1000 3095 1146 3179; x_wconf 83' lang='lat' dir='ltr'><strong>frigidam</strong></span> <span class='ocrx_word' id='word_1_229' title='bbox 1170 3113 1202 3160; x_wconf 89' lang='lat' dir='ltr'><strong>se</strong></span> <span class='ocrx_word' id='word_1_230' title='bbox 1226 3084 1341 3159; x_wconf 79' lang='lat' dir='ltr'><strong>babere</strong></span> <span class='ocrx_word' id='word_1_231' title='bbox 1365 3095 1414 3160; x_wconf 89' lang='lat' dir='ltr'><strong>vel</strong></span> 
     </span>
     <span class='ocr_line' id='line_1_29' title="bbox 169 3198 1413 3288; baseline -0.003 -22"><span class='ocrx_word' id='word_1_232' title='bbox 169 3205 306 3267; x_wconf 88' lang='lat' dir='ltr'><strong>animum</strong></span> <span class='ocrx_word' id='word_1_233' title='bbox 327 3202 365 3266; x_wconf 91' lang='lat' dir='ltr'><strong>ad</strong></span> <span class='ocrx_word' id='word_1_234' title='bbox 389 3201 450 3267; x_wconf 89' lang='lat' dir='ltr'><strong>alia</strong></span> <span class='ocrx_word' id='word_1_235' title='bbox 472 3201 633 3280; x_wconf 88' lang='lat' dir='ltr'><strong>divertere,</strong></span> <span class='ocrx_word' id='word_1_236' title='bbox 657 3204 693 3266; x_wconf 92' lang='lat' dir='ltr'><strong>ut</strong></span> <span class='ocrx_word' id='word_1_237' title='bbox 707 3200 860 3288; x_wconf 86' lang='lat' dir='ltr'><strong>impediat</strong></span> <span class='ocrx_word' id='word_1_238' title='bbox 878 3199 1107 3282; x_wconf 88' lang='lat' dir='ltr'><strong>conceptionem</strong></span> <span class='ocrx_word' id='word_1_239' title='bbox 1124 3198 1266 3264; x_wconf 85' lang='lat' dir='ltr'><strong>evitando</strong></span> <span class='ocrx_word' id='word_1_240' title='bbox 1282 3198 1413 3264; x_wconf 88' lang='lat' dir='ltr'><strong>seminis</strong></span> 
     </span>
     <span class='ocr_line' id='line_1_30' title="bbox 167 3302 1414 3394; baseline -0.004 -23"><span class='ocrx_word' id='word_1_241' title='bbox 167 3307 328 3372; x_wconf 87' lang='lat' dir='ltr'><strong>muliebris</strong></span> <span class='ocrx_word' id='word_1_242' title='bbox 349 3305 537 3371; x_wconf 87' lang='lat' dir='ltr'><strong>effusionem.</strong></span> <span class='ocrx_word' id='word_1_243' title='bbox 582 3306 673 3382; x_wconf 80' lang='lat' dir='ltr'><strong>Esto,</strong></span> <span class='ocrx_word' id='word_1_244' title='bbox 702 3305 783 3389; x_wconf 90' lang='lat' dir='ltr'><strong>quod</strong></span> <span class='ocrx_word' id='word_1_245' title='bbox 806 3323 865 3394; x_wconf 79' lang='lat' dir='ltr'><strong>non</strong></span> <span class='ocrx_word' id='word_1_246' title='bbox 888 3304 931 3368; x_wconf 89' lang='lat' dir='ltr'><strong>sit</strong></span> <span class='ocrx_word' id='word_1_247' title='bbox 953 3321 1148 3381; x_wconf 84' lang='lat' dir='ltr'><strong>concessum,</strong></span> <span class='ocrx_word' id='word_1_248' title='bbox 1185 3302 1216 3367; x_wconf 90' lang='lat' dir='ltr'><strong>in</strong></span> <span class='ocrx_word' id='word_1_249' title='bbox 1243 3303 1329 3386; x_wconf 90' lang='lat' dir='ltr'><strong>prari</strong></span> <span class='ocrx_word' id='word_1_250' title='bbox 1362 3303 1414 3368; x_wconf 93' lang='lat' dir='ltr'><strong>uti</strong></span> 
     </span>
     <span class='ocr_line' id='line_1_31' title="bbox 168 3406 1412 3492; baseline -0.003 -16"><span class='ocrx_word' id='word_1_251' title='bbox 168 3411 323 3477; x_wconf 88' lang='lat' dir='ltr'><strong>sententia</strong></span> <span class='ocrx_word' id='word_1_252' title='bbox 344 3410 445 3475; x_wconf 88' lang='lat' dir='ltr'><strong>minus</strong></span> <span class='ocrx_word' id='word_1_253' title='bbox 467 3412 548 3488; x_wconf 90' lang='lat' dir='ltr'><strong>tuta,</strong></span> <span class='ocrx_word' id='word_1_254' title='bbox 572 3409 625 3487; x_wconf 84' lang='lat' dir='ltr'><strong>ubi</strong></span> <span class='ocrx_word' id='word_1_255' title='bbox 646 3410 759 3492; x_wconf 89' lang='lat' dir='ltr'><strong>agatur</strong></span> <span class='ocrx_word' id='word_1_256' title='bbox 782 3408 819 3473; x_wconf 91' lang='lat' dir='ltr'><strong>de</strong></span> <span class='ocrx_word' id='word_1_257' title='bbox 842 3408 956 3473; x_wconf 89' lang='lat' dir='ltr'><strong>damno</strong></span> <span class='ocrx_word' id='word_1_258' title='bbox 980 3407 1066 3472; x_wconf 87' lang='lat' dir='ltr'><strong>tertii</strong></span> <span class='ocrx_word' id='word_1_259' title='bbox 1086 3408 1133 3484; x_wconf 81' lang='lat' dir='ltr'><strong>rel</strong></span> <span class='ocrx_word' id='word_1_260' title='bbox 1150 3406 1188 3472; x_wconf 84' lang='lat' dir='ltr'><strong>do</strong></span> <span class='ocrx_word' id='word_1_261' title='bbox 1204 3407 1337 3472; x_wconf 87' lang='lat' dir='ltr'><strong>veritate</strong></span> <span class='ocrx_word' id='word_1_262' title='bbox 1353 3409 1412 3491; x_wconf 83' lang='lat' dir='ltr'><strong>rei,</strong></span> 
     </span>
     <span class='ocr_line' id='line_1_32' title="bbox 167 3492 1412 3599; baseline -0.003 -19"><span class='ocrx_word' id='word_1_263' title='bbox 167 3517 202 3581; x_wconf 90' lang='lat' dir='ltr'><strong>ut</strong></span> <span class='ocrx_word' id='word_1_264' title='bbox 222 3517 267 3582; x_wconf 88' lang='lat' dir='ltr'><strong>ait</strong></span> <span class='ocrx_word' id='word_1_265' title='bbox 289 3515 320 3581; x_wconf 88' lang='lat' dir='ltr'><strong>S.</strong></span> <span class='ocrx_word' id='word_1_266' title='bbox 344 3516 520 3599; x_wconf 81' lang='lat' dir='ltr'><strong>Alpbonsus</strong></span> <span class='ocrx_word' id='word_1_267' title='bbox 543 3514 610 3599; x_wconf 82' lang='lat' dir='ltr'><strong>(Vl.</strong></span> <span class='ocrx_word' id='word_1_268' title='bbox 628 3534 657 3578; x_wconf 91' lang='lat' dir='ltr'><strong>n.</strong></span> <span class='ocrx_word' id='word_1_269' title='bbox 671 3512 756 3598; x_wconf 80' lang='lat'><strong>918),</strong></span> <span class='ocrx_word' id='word_1_270' title='bbox 782 3512 1014 3598; x_wconf 87' lang='lat' dir='ltr'><strong>ambigentibus</strong></span> <span class='ocrx_word' id='word_1_271' title='bbox 1030 3511 1216 3576; x_wconf 87' lang='lat' dir='ltr'><strong>medicorum</strong></span> <span class='ocrx_word' id='word_1_272' title='bbox 1233 3492 1412 3590; x_wconf 76' lang='lat' dir='ltr'><strong>sententiis,</strong></span> 
     </span>
     <span class='ocr_line' id='line_1_33' title="bbox 166 3607 1411 3699; baseline -0.002 -15"><span class='ocrx_word' id='word_1_273' title='bbox 166 3607 239 3684; x_wconf 91' lang='lat' dir='ltr'><strong>num</strong></span> <span class='ocrx_word' id='word_1_274' title='bbox 262 3620 382 3685; x_wconf 89' lang='lat' dir='ltr'><strong>isthaec</strong></span> <span class='ocrx_word' id='word_1_275' title='bbox 404 3619 511 3685; x_wconf 86' lang='lat' dir='ltr'><strong>effusio</strong></span> <span class='ocrx_word' id='word_1_276' title='bbox 534 3617 706 3683; x_wconf 88' lang='lat' dir='ltr'><strong>necessaria</strong></span> <span class='ocrx_word' id='word_1_277' title='bbox 733 3618 775 3682; x_wconf 89' lang='lat' dir='ltr'><strong>sit</strong></span> <span class='ocrx_word' id='word_1_278' title='bbox 804 3635 860 3682; x_wconf 91' lang='lat' dir='ltr'><strong>nec</strong></span> <span class='ocrx_word' id='word_1_279' title='bbox 890 3637 943 3695; x_wconf 91' lang='lat' dir='ltr'><strong>ne,</strong></span> <span class='ocrx_word' id='word_1_280' title='bbox 976 3616 1099 3681; x_wconf 88' lang='lat' dir='ltr'><strong>labente</strong></span> <span class='ocrx_word' id='word_1_281' title='bbox 1130 3617 1235 3689; x_wconf 89' lang='lat' dir='ltr'><strong>tamen</strong></span> <span class='ocrx_word' id='word_1_282' title='bbox 1268 3616 1411 3699; x_wconf 89' lang='lat' dir='ltr'><strong>tempore</strong></span> 
     </span>
    </p>

    <p class='ocr_par' dir='ltr' id='par_1_9' title="bbox 97 3709 1411 4430">
     <span class='ocr_line' id='line_1_34' title="bbox 97 3709 1411 3814; baseline -0.005 -22"><span class='ocrx_word' id='word_1_283' title='bbox 97 3802 101 3814; x_wconf 28' lang='grc' dir='ltr'><strong><em>ι</em></strong></span> <span class='ocrx_word' id='word_1_284' title='bbox 165 3725 319 3791; x_wconf 89' lang='lat' dir='ltr'><strong>sententia</strong></span> <span class='ocrx_word' id='word_1_285' title='bbox 341 3709 477 3793; x_wconf 84' lang='lat' dir='ltr'><strong>asserens</strong></span> <span class='ocrx_word' id='word_1_286' title='bbox 500 3723 716 3788; x_wconf 85' lang='lat' dir='ltr'><strong>necessitatem</strong></span> <span class='ocrx_word' id='word_1_287' title='bbox 745 3721 946 3786; x_wconf 84' lang='lat' dir='ltr'><strong>fundamento</strong></span> <span class='ocrx_word' id='word_1_288' title='bbox 976 3720 1023 3784; x_wconf 88' lang='lat' dir='ltr'><strong>ita</strong></span> <span class='ocrx_word' id='word_1_289' title='bbox 1051 3719 1203 3786; x_wconf 88' lang='lat' dir='ltr'><strong>destituta</strong></span> <span class='ocrx_word' id='word_1_290' title='bbox 1231 3738 1297 3785; x_wconf 88' lang='lat' dir='ltr'><strong>esse</strong></span> <span class='ocrx_word' id='word_1_291' title='bbox 1321 3719 1411 3785; x_wconf 86' lang='lat' dir='ltr'><strong>vide-</strong></span> 
     </span>
     <span class='ocr_line' id='line_1_35' title="bbox 164 3823 1409 3911; baseline -0.006 -16"><span class='ocrx_word' id='word_1_292' title='bbox 164 3833 224 3910; x_wconf 89' lang='lat' dir='ltr'><strong>tur,</strong></span> <span class='ocrx_word' id='word_1_293' title='bbox 249 3832 283 3894; x_wconf 89' lang='lat' dir='ltr'><strong>ut</strong></span> <span class='ocrx_word' id='word_1_294' title='bbox 307 3829 442 3896; x_wconf 83' lang='lat' dir='ltr'><strong>Sanobez</strong></span> <span class='ocrx_word' id='word_1_295' title='bbox 462 3828 591 3911; x_wconf 89' lang='lat' dir='ltr'><strong>aliisque</strong></span> <span class='ocrx_word' id='word_1_296' title='bbox 612 3825 753 3892; x_wconf 84' lang='lat' dir='ltr'><strong>assentiri</strong></span> <span class='ocrx_word' id='word_1_297' title='bbox 779 3825 918 3902; x_wconf 83' lang='lat' dir='ltr'><strong>velimus,</strong></span> <span class='ocrx_word' id='word_1_298' title='bbox 942 3823 1063 3908; x_wconf 85' lang='lat' dir='ltr'><strong>potiori,</strong></span> <span class='ocrx_word' id='word_1_299' title='bbox 1087 3843 1146 3906; x_wconf 89' lang='lat' dir='ltr'><strong>quo</strong></span> <span class='ocrx_word' id='word_1_300' title='bbox 1169 3824 1228 3906; x_wconf 89' lang='lat' dir='ltr'><strong>ipsi</strong></span> <span class='ocrx_word' id='word_1_301' title='bbox 1249 3824 1298 3888; x_wconf 89' lang='lat' dir='ltr'><strong>usi</strong></span> <span class='ocrx_word' id='word_1_302' title='bbox 1321 3825 1409 3901; x_wconf 88' lang='lat' dir='ltr'><strong>sunt,</strong></span> 
     </span>
     <span class='ocr_line' id='line_1_36' title="bbox 160 3923 1406 4019; baseline -0.005 -21"><span class='ocrx_word' id='word_1_303' title='bbox 160 3935 230 4018; x_wconf 88' lang='lat' dir='ltr'><strong>jure</strong></span> <span class='ocrx_word' id='word_1_304' title='bbox 256 3933 464 4019; x_wconf 85' lang='lat' dir='ltr'><strong>physiologica</strong></span> <span class='ocrx_word' id='word_1_305' title='bbox 487 3923 658 4016; x_wconf 87' lang='lat' dir='ltr'><strong>opitulante</strong></span> <span class='ocrx_word' id='word_1_306' title='bbox 680 3929 859 4013; x_wconf 89' lang='lat' dir='ltr'><strong>disciplina,</strong></span> <span class='ocrx_word' id='word_1_307' title='bbox 888 3928 1095 4007; x_wconf 86' lang='lat' dir='ltr'><strong>affirmantes,</strong></span> <span class='ocrx_word' id='word_1_308' title='bbox 1126 3928 1218 3992; x_wconf 87' lang='lat' dir='ltr'><strong>licere</strong></span> <span class='ocrx_word' id='word_1_309' title='bbox 1245 3947 1280 3994; x_wconf 94' lang='lat' dir='ltr'><strong>eo</strong></span> <span class='ocrx_word' id='word_1_310' title='bbox 1313 3927 1406 3994; x_wconf 89' lang='lat' dir='ltr'><strong>modo</strong></span> 
     </span>
     <span class='ocr_line' id='line_1_37' title="bbox 162 4031 1407 4121; baseline -0.005 -19"><span class='ocrx_word' id='word_1_311' title='bbox 162 4039 358 4104; x_wconf 88' lang='lat' dir='ltr'><strong>matrimonio</strong></span> <span class='ocrx_word' id='word_1_312' title='bbox 381 4037 444 4116; x_wconf 89' lang='lat' dir='ltr'><strong>uti,</strong></span> <span class='ocrx_word' id='word_1_313' title='bbox 480 4037 532 4121; x_wconf 91' lang='lat' dir='ltr'><strong>qui</strong></span> <span class='ocrx_word' id='word_1_314' title='bbox 565 4056 619 4119; x_wconf 91' lang='lat' dir='ltr'><strong>per</strong></span> <span class='ocrx_word' id='word_1_315' title='bbox 653 4054 685 4100; x_wconf 90' lang='lat' dir='ltr'><strong>se</strong></span> <span class='ocrx_word' id='word_1_316' title='bbox 721 4033 949 4118; x_wconf 87' lang='lat' dir='ltr'><strong>generationem</strong></span> <span class='ocrx_word' id='word_1_317' title='bbox 984 4051 1038 4098; x_wconf 88' lang='lat' dir='ltr'><strong>nec</strong></span> <span class='ocrx_word' id='word_1_318' title='bbox 1072 4031 1203 4114; x_wconf 90' lang='lat' dir='ltr'><strong>impedit</strong></span> <span class='ocrx_word' id='word_1_319' title='bbox 1232 4051 1288 4097; x_wconf 89' lang='lat' dir='ltr'><strong>nec</strong></span> <span class='ocrx_word' id='word_1_320' title='bbox 1314 4031 1407 4098; x_wconf 89' lang='lat' dir='ltr'><strong>valde</strong></span> 
     </span>
     <span class='ocr_line' id='line_1_38' title="bbox 161 4136 1407 4225; baseline -0.005 -19"><span class='ocrx_word' id='word_1_321' title='bbox 161 4141 268 4220; x_wconf 88' lang='lat' dir='ltr'><strong>laedit,</strong></span> <span class='ocrx_word' id='word_1_322' title='bbox 290 4161 384 4224; x_wconf 89' lang='lat' dir='ltr'><strong>quum</strong></span> <span class='ocrx_word' id='word_1_323' title='bbox 406 4141 476 4206; x_wconf 88' lang='lat' dir='ltr'><strong>finis</strong></span> <span class='ocrx_word' id='word_1_324' title='bbox 499 4141 578 4225; x_wconf 85' lang='lat' dir='ltr'><strong>legis</strong></span> <span class='ocrx_word' id='word_1_325' title='bbox 601 4140 659 4204; x_wconf 90' lang='lat' dir='ltr'><strong>bac</strong></span> <span class='ocrx_word' id='word_1_326' title='bbox 681 4157 799 4222; x_wconf 90' lang='lat' dir='ltr'><strong>quoque</strong></span> <span class='ocrx_word' id='word_1_327' title='bbox 822 4139 940 4203; x_wconf 84' lang='lat' dir='ltr'><strong>ratione</strong></span> <span class='ocrx_word' id='word_1_328' title='bbox 966 4156 1020 4220; x_wconf 93' lang='lat' dir='ltr'><strong>per</strong></span> <span class='ocrx_word' id='word_1_329' title='bbox 1042 4136 1185 4202; x_wconf 88' lang='lat' dir='ltr'><strong>accidens</strong></span> <span class='ocrx_word' id='word_1_330' title='bbox 1206 4136 1341 4216; x_wconf 88' lang='lat' dir='ltr'><strong>tantum,</strong></span> <span class='ocrx_word' id='word_1_331' title='bbox 1368 4137 1407 4202; x_wconf 94' lang='lat' dir='ltr'><strong>ut</strong></span> 
     </span>
     <span class='ocr_line' id='line_1_39' title="bbox 162 4239 1407 4352; baseline -0.004 -44"><span class='ocrx_word' id='word_1_332' title='bbox 162 4244 267 4328; x_wconf 86' lang='lat' dir='ltr'><strong>ajunt,</strong></span> <span class='ocrx_word' id='word_1_333' title='bbox 295 4243 437 4308; x_wconf 88' lang='lat' dir='ltr'><strong>frustrari</strong></span> <span class='ocrx_word' id='word_1_334' title='bbox 458 4244 562 4308; x_wconf 88' lang='lat' dir='ltr'><strong>videat</strong></span> <span class='ocrx_word' id='word_1_335' title='bbox 548 4249 608 4309; x_wconf 89' lang='lat' dir='ltr'><strong>t.ur</strong></span> <span class='ocrx_word' id='word_1_336' title='bbox 654 4241 711 4306; x_wconf 82' lang='lat' dir='ltr'><strong>Cet</strong></span> <span class='ocrx_word' id='word_1_337' title='bbox 713 4260 797 4306; x_wconf 87' lang='lat' dir='ltr'><strong>erum</strong></span> <span class='ocrx_word' id='word_1_338' title='bbox 822 4241 961 4352; x_wconf 81' lang='lat' dir='ltr'><strong>quaestio</strong></span> <span class='ocrx_word' id='word_1_339' title='bbox 990 4241 1067 4306; x_wconf 87' lang='lat' dir='ltr'><strong>baec</strong></span> <span class='ocrx_word' id='word_1_340' title='bbox 1097 4239 1231 4305; x_wconf 90' lang='lat' dir='ltr'><strong>nondum</strong></span> <span class='ocrx_word' id='word_1_341' title='bbox 1260 4259 1313 4319; x_wconf 88' lang='lat' dir='ltr'><strong>ea,</strong></span> <span class='ocrx_word' id='word_1_342' title='bbox 1341 4257 1407 4323; x_wconf 88' lang='lat' dir='ltr'><strong>qua</strong></span> 
     </span>
     <span class='ocr_line' id='line_1_40' title="bbox 162 4345 801 4430; baseline -0.002 -20"><span class='ocrx_word' id='word_1_343' title='bbox 162 4346 356 4430; x_wconf 88' lang='lat' dir='ltr'><strong>praecedens,</strong></span> <span class='ocrx_word' id='word_1_344' title='bbox 379 4346 512 4412; x_wconf 88' lang='lat' dir='ltr'><strong>diremta</strong></span> <span class='ocrx_word' id='word_1_345' title='bbox 534 4348 582 4412; x_wconf 91' lang='lat' dir='ltr'><strong>cst</strong></span> <span class='ocrx_word' id='word_1_346' title='bbox 605 4345 758 4410; x_wconf 89' lang='lat' dir='ltr'><strong>auctorita</strong></span> <span class='ocrx_word' id='word_1_347' title='bbox 760 4346 801 4409; x_wconf 88' lang='lat' dir='ltr'><strong>te.</strong></span> 
     </span>
    </p>
   </div>
   <div class='ocr_carea' id='block_1_3' title="bbox 0 0 1540 4888">
    <p class='ocr_par' dir='ltr' id='par_1_10' title="bbox 0 0 1540 4888">
     <span class='ocr_line' id='line_1_41' title="bbox 0 0 1540 4888; baseline 0 3"><span class='ocrx_word' id='word_1_348' title='bbox 0 0 1540 4888; x_wconf 95' lang='lat' dir='ltr'><strong> </strong></span> 
     </span>
    </p>
   </div>
  </div>
 </body>
</html>
