3028 4882
284 231 344 287 aaa
366 232 450 296 arra.
469 233 497 286 a.
518 233 544 287 a.
566 191 634 291 nae.
655 232 730 289 mea
751 235 793 302 aa
812 235 979 304 apaaeapoa,
994 233 1122 303 nespas.
1284 215 1348 280 279

103 405 233 476 dubitat
266 406 475 490 magnitudini
508 406 711 490 periculorum
746 424 852 489 parem
886 403 1077 472 constantiae
1093 405 1348 490 ¹magnitudinem

104 529 268 594 opponere.
316 510 458 578 Profecto
481 510 560 576 nibil
584 513 650 588 est,
682 511 757 595 quin
783 510 820 575 de
843 508 996 594 Hispania
1017 511 1135 594 sperari
1153 509 1223 594 jure
1245 511 1349 594 queat,

102 616 130 679 si
154 615 245 682 modo
264 615 360 680 talem
384 615 556 690 animorum
579 615 773 681 affectionem
796 613 922 692 caritas,
945 612 1068 692 aluerit,
1087 615 1127 688 ,et
1151 613 1272 680 stabilis
1297 601 1348 680 ro-

102 719 273 794 luntatum
289 718 452 786 concordia
475 719 670 786 roboraverit.
706 757 742 766 -
775 719 890 787 Verum
917 716 997 800 quod
1031 717 1069 782 ad
1105 717 1184 782 hane
1216 719 1346 802 partem,

103 843 165 889 non
187 819 270 888 enim
291 822 555 890 dissimulabimus
578 822 610 887 id
633 823 713 906 quod
738 823 795 897 est,
820 841 888 890 cum
919 820 1091 908 cogitamus
1112 821 1226 906 agendi
1248 822 1346 890 ratio-

102 946 194 1006 nem,
218 945 312 1010 quam
335 927 452 1011 aliquot
472 945 507 992 en
530 926 680 1010 Hispa-nia
703 925 849 992 catholici
871 925 1010 995 homines
1032 924 1201 994 ineundam
1224 927 1347 1012 putant,

102 1031 192 1098 dolor
214 1031 342 1114 qnidam
364 1030 510 1115 objicitur
532 1030 635 1097 animo
659 1049 729 1098 oum
751 1030 900 1098 nonnulla
924 1028 1129 1096 similitudine
1151 1029 1259 1120 anniae
1276 1030 1366 1102 ,sol·,

102 1135 289 1214 licitudinis,
312 1155 404 1218 quam
428 1135 547 1201 Paulus
568 1135 735 1218 Apostolus
751 1134 835 1214 olim,
860 1132 1089 1206 Corinthiorum
1104 1153 1224 1214 caussa,
1244 1153 1347 1212 suscee

103 1241 208 1324 perat,
251 1239 334 1304 Tuta
365 1241 394 1304 et
425 1237 597 1324 tranquilla
619 1239 846 1308 catholicorum
870 1258 940 1306 eum
962 1239 1044 1304 inter
1066 1258 1098 1304 se
1121 1241 1187 1306 tum
1215 1239 1349 1307 maxine

104 1343 358 1427 eumspiseopis
380 1343 445 1408 suis
468 1344 541 1408 istic
564 1342 725 1418 concordia
748 1344 976 1428 permanserat:
1005 1361 1101 1430 eoque
1123 1345 1245 1410 nomine
1269 1343 1346 1412 Gre-

104 1449 210 1534 gorius
234 1448 319 1516 XVI.
347 1449 491 1514 Decessor
514 1448 627 1532 Noster
647 1447 717 1533 jure
739 1448 879 1514 laudauit
902 1447 1075 1532 Hispanam
1095 1449 1237 1533 gentem,
1267 1448 1347 1535 quod

103 1555 172 1638 ejus
201 1572 284 1636 pars.
301 1554 390 1637 laage
414 1553 556 1620 monimo
580 1554 614 1617 ia
636 1553 730 1618 ueteri
753 1573 813 1620 suo
835 1574 910 1636 erpa
933 1551 1108 1636 Episcopus
1130 1559 1158 1618 et
1179 1553 1347 1636 inferiores

99 1665 245 1742 posterea
267 1661 414 1732 cameleo
436 1658 616 1724 constitutos
637 1659 811 1724 reverentia
832 1657 1041 1740 perseueraret
1064 1656 1176 1736 (Alloc.
1197 1657 1347 1740 Adflictas

103 1763 174 1828 Kal.
198 1762 292 1827 Mart.
319 1762 425 1846 1841).
464 1763 555 1828 Nunc
577 1763 692 1840 tamen,
716 1761 887 1846 interjectis
909 1761 1045 1845 partium
1063 1761 1189 1840 studiis,
1214 1759 1358 1846 vestigia

103 1869 256 1951 apparent
275 1866 507 1945 dissensionum,
532 1885 611 1948 quae
634 1865 666 1930 in
686 1865 787 1930 varias
808 1865 893 1931 velut
915 1866 995 1933 acies
1019 1865 1199 1931 distrahunt
1218 1864 1353 1956 animos,

102 1971 248 2054 ipsasque
270 1970 451 2050 societates
473 1969 631 2054 religionis
651 1970 754 2053 gratia
777 1970 991 2048 constitutas,
1013 1989 1073 2034 non
1095 1987 1203 2053 parum
1226 1969 1345 2052 pertur-

103 2077 191 2142 bant.
236 2073 351 2141 Incidit
374 2093 477 2158 saepe,
508 2075 545 2138 ut
567 2073 648 2157 apud
670 2073 896 2158 disquirentes,
928 2092 990 2158 qua
1012 2072 1207 2157 potissimum
1227 2071 1346 2140 ratione

103 2179 249 2264 expediat
270 2199 333 2244 rem
358 2178 543 2244 catholicam
565 2178 666 2258 tueri,
692 2180 794 2244 minus
817 2197 909 2262 quam
934 2197 1066 2262 aequum
1089 2179 1154 2257 est,
1180 2175 1350 2262 Episcopo.

103 2305 174 2349 rum
197 2284 300 2349 valeat
322 2283 501 2350 auctoritas.
547 2281 627 2364 Quin
649 2283 744 2349 immo
766 2281 921 2348 interdum
946 2283 972 2348 si
994 2282 1068 2368 quid
1084 2281 1253 2366 Episcopus
1271 2298 1344 2345 sua·

103 2388 189 2466 serit,
213 2387 331 2472 siquid
355 2387 450 2452 etiam
471 2407 524 2472 pro
546 2388 700 2471 potestate
723 2386 900 2468 decreuerit,
926 2406 985 2453 non
1009 2387 1120 2452 desunt
1140 2387 1193 2470 qui
1217 2385 1346 2450 moleste

103 2493 221 2571 ierant,
252 2492 308 2556 aut
337 2493 442 2575 aperte
465 2490 707 2574 reprehendant,
743 2491 786 2555 sic
809 2491 1013 2574 accipientes,
1041 2491 1084 2556 ut
1104 2489 1238 2556 noluisse
1256 2488 1346 2553 illurn

104 2595 281 2660 existiment
312 2596 419 2661 alteris
455 2595 642 2680 gratificari,
679 2595 793 2662 alteros
828 2596 989 2664 offendere.
1015 2635 1054 2645 -
1078 2595 1226 2664 damnare
1254 2595 1345 2678 plane

102 2698 288 2784 perspicitur
311 2699 419 2784 quanti
442 2699 572 2779 referat,
602 2698 777 2766 incolumen
800 2714 865 2766 esse
890 2699 1063 2766 animorum
1087 2699 1344 2785 conjunctionem,
1422 2695 1426 2700 ”

104 2823 139 2870 eo
163 2804 211 2868 vel
233 2805 334 2890 magis
357 2805 438 2887 qnod
460 2805 492 2868 in
514 2805 603 2871 tanta
623 2804 735 2888 ubique
757 2821 920 2888 pravarum
945 2804 1123 2888 opinionum
1145 2803 1290 2884 lieentia,
1313 2803 1346 2867 in

102 2911 173 2974 tam
194 2908 258 2973 aeri
280 2908 486 2992 insidiosaqua
510 2908 665 2976 Ecclesiae
690 2908 859 2975 catholicae
883 2909 1119 2992 oppugnatione,
1148 2909 1270 2976 omnine
1292 2927 1347 2974 ne-⁴

103 3012 275 3092 resedeat,
306 3012 489 3078 adustiones
515 3014 672 3079 universos
695 3012 817 3079 collatis
842 3013 991 3078 inunum
1012 3011 1347 3097 uiribusmaximaque

106 3115 302 3181 voluntatum
325 3117 548 3200 conspiratione
572 3117 731 3197 resistere,
762 3136 801 3182 ne
830 3117 1005 3184 calliditate
1037 3119 1130 3206 atque
1151 3119 1271 3202 impetn
1290 3117 1347 3208 πά-

106 3220 311 3286 versariorum
340 3222 508 3304 separatim
538 3223 674 3306 oppressi
705 3222 917 3294 succumbant.
969 3222 1071 3308 Igitur
1100 3221 1278 3306 hujusmodi
1299 3221 1346 3286 in-

107 3325 335 3392 commodorum
359 3327 547 3411 cogitatione
562 3327 704 3411 permoti,
725 3327 797 3407 Vos,
814 3326 997 3408 hislittaris,
1016 3326 1130 3392 Dilecti
1144 3326 1216 3394 mlii
1228 3325 1346 3405 Nostri,

109 3428 305 3502 venerabiles
330 3430 466 3510 Fratres,
491 3432 695 3516 appellamus,
718 3431 976 3516 vehementerque
998 3431 1142 3516 petimus,
1166 3430 1202 3495 ut
1223 3429 1343 3522 saluta·

107 3534 187 3597 mum
213 3532 397 3601 monitorum
421 3535 605 3600 Nostrorum
628 3535 810 3620 interpretes
840 3536 873 3600 in
902 3534 1055 3600 firmanda
1083 3532 1245 3601 concordia
1273 3552 1347 3620 pru-

107 3637 245 3702 dentiam
269 3638 547 3723 auctoritatemque
570 3642 704 3708 nestram
727 3639 911 3706 adhibeatis.

211 3741 280 3808 Erit
309 3744 416 3808 autem
443 3745 647 3827 opportunum
676 3744 774 3828 primo
806 3744 872 3809 loco
902 3743 947 3808 rei
979 3760 1085 3808 sacrae
1110 3741 1218 3826 ‚reique
1247 3741 1347 3808 ciuilis

108 3846 284 3912 meminisse
306 3846 441 3912 rationes
463 3849 606 3928 mutuas,
640 3849 712 3933 quia
744 3846 837 3914 multi
870 3845 1022 3912 contrario
1056 3865 1155 3938 errore
1186 3843 1346 3914 falluntur.

106 3951 214 4016 Solent
242 3950 324 4016 enim
352 3952 490 4018 nonnulli
514 3971 579 4018 rem
607 3952 765 4036 politicam
788 3971 806 4017 a
828 3950 976 4035 religione
1004 3969 1064 4016 non
1085 3935 1284 4034 distinguere
1298 3969 1348 4016 so·

107 4056 190 4133 lum,
212 4055 266 4120 sed
289 4056 411 4140 penitus
433 4056 595 4142 sejungere
619 4076 655 4134 ac
675 4075 835 4141 separare,
867 4055 946 4120 nihil
966 4056 1006 4127 ut,
1024 4073 1089 4122 esse
1114 4053 1237 4138 utrique
1260 4074 1345 4121 eom-

107 4180 200 4227 mnne
223 4160 336 4239 uelint,
369 4181 423 4228 nec
455 4163 620 4246 quiequam
656 4161 696 4228 ad
730 4161 860 4226 alteram
892 4162 931 4228 ab
966 4160 1064 4226 altera
1086 4159 1215 4226 influere
1238 4160 1347 4244 putent

106 4267 255 4348 oportere.
285 4266 328 4331 Hi
351 4267 487 4350 proiecto
509 4285 568 4332 non
590 4266 724 4332 multum
746 4266 783 4332 ab
806 4265 845 4331 iis
869 4265 996 4346 distant,
1020 4264 1074 4349 qni
1097 4263 1348 4358 ciuitatemcon-

107 4370 197 4438 st'tui
220 4370 491 4456 administrarique
514 4371 652 4450 malunt,
683 4372 786 4436 amoto
816 4372 997 4436 cunctarum
1025 4372 1218 4452 procreatore
1249 4368 1348 4434 domi·
1379 4447 1381 4452 g

107 4495 206 4561 noque
228 4495 329 4542 rerum
354 4476 434 4541 Deo:
459 4494 494 4541 ac
514 4476 601 4556 tanto
625 4474 761 4540 deterius
783 4476 881 4553 erant,
905 4473 986 4558 qnod
1007 4473 1234 4560 rempublicam
1253 4473 1343 4538 uber-

107 4581 185 4648 rimo
212 4579 386 4646 utilitatum
414 4579 498 4646 fonte
527 4582 643 4645 temere
670 4577 842 4662 probibent.
889 4577 973 4644 Nam
996 4579 1049 4644 ubi
1072 4578 1181 4664 religio
1203 4577 1347 4658 tollatur,
