3028 4882
307 793 311 801 ’
416 763 1093 958 'fesulanensem

113 977 159 1084 Ρ.
180 1013 237 1084 SS.
247 1013 290 1080 D.
304 1014 345 1080 Ν
356 967 421 1082 PP.
436 971 555 1081 Loccis
564 993 670 1102 XIII
686 1014 742 1082 La't
730 979 828 1082 ΡΡΡΡΡΡ
841 995 932 1108 apost
912 975 1031 1108 tolleres
1043 965 1101 1090 ΡΡ
1090 1004 1373 1112 ΡΡΡΡΡΡΡΡΡΡΡΡΡΡΡΡ

121 1103 167 1214 ΡΡ
172 1103 327 1220 aemulos
345 1119 413 1219 dias
431 1119 492 1198 feel
492 1137 526 1185 oa
546 1139 605 1200 pra
473 1120 742 1318 ΡΡΡΡΡΡ
747 1109 788 1184 ΡΡ
803 1113 945 1207 ΡΡΡΡΡΡΡΡ
961 1091 1157 1327 catholici
1121 1105 1207 1226 orbis
1216 1122 1375 1224 episcopis

656 1223 716 1290 ΡΡΡΡ
735 1203 863 1289 condo
1512 1227 1513 1246 ¹

414 1307 437 1323 ”
502 1317 995 1430 nnonarsooeus

270 1421 386 1514 socos
408 1446 575 1518 ΡΡΡΡΡΡΡΡΡ
597 1447 661 1517 Dei
684 1449 727 1536 ΡΡΡ
742 1425 952 1535 ΡΡΡΡΡΡΡΡΡΡ
959 1469 1007 1536 rec
1017 1419 1284 1538 Memoriam
1335 1489 1338 1496 ·

118 1619 122 1624 .
233 1568 271 1634 ln
294 1587 437 1652 suprema
458 1568 508 1636 roi
523 1569 712 1639 christianae
736 1569 963 1653 procuratione,
986 1570 1102 1641 beato
1112 1570 1224 1640 Petro
1232 1523 1374 1662 eposio-

129 1673 233 1737 lorum
255 1672 384 1757 principi
408 1673 534 1758 ejusque
557 1675 783 1740 successoribus
807 1673 955 1739 divinitus
987 1673 1080 1753 data,
1110 1673 1189 1739 illud
1219 1673 1374 1739 Romanos
1512 1683 1513 1686 ’

131 1775 296 1842 Pontifices
318 1797 439 1859 summa
461 1778 627 1863 vigilantia
643 1779 802 1862 providere
817 1797 940 1844 necesse
960 1778 1018 1857 est,
1041 1778 1077 1842 ut
1097 1796 1201 1843 omnes
1216 1795 1374 1843 sacrorum

129 1881 266 1946 ministri
279 1900 396 1947 curem
419 1883 593 1948 animarum
622 1884 765 1968 gerentes
792 1882 841 1949 sui
870 1881 1006 1948 muneris
1039 1881 1159 1960 officia,
1193 1899 1228 1946 ex
1263 1882 1373 1966 quibus

129 2004 290 2051 commune
313 1985 471 2052 Ecclesiae
494 1987 608 2053 bouum
632 2006 817 2072 magnopere
840 1985 972 2070 pendet,
1001 1981 1138 2052 studiose
1167 1987 1199 2052 et
1229 1987 1373 2052 accurate

130 2091 300 2156 exerceant.
325 2128 361 2137 —
387 2092 423 2178 In
445 2090 484 2182 iis
507 2091 611 2157 eutem
635 2092 751 2157 eminet
779 2092 1011 2157 sacrosanctum
1033 2089 1147 2156 Missae
1177 2089 1373 2170 sacrificinm,

128 2211 185 2277 pro
207 2195 308 2259 salute
331 2186 435 2280 populi
458 2195 508 2261 cui
531 2195 660 2280 quisque
683 2196 823 2279 praeest,
853 2194 1037 2261 nominatim
1061 2194 1253 2260 laciendum:
1285 2193 1373 2278 cnjus

129 2298 194 2362 vim
217 2297 311 2363 officii
333 2299 441 2364 Patres
465 2299 642 2366 Tridentini
665 2319 700 2364 er
723 2302 886 2384 praecepto
919 2299 1022 2365 divino
1052 2298 1203 2382 proficisci
1234 2297 1374 2364 tradide·
1512 2319 1513 2328 ¹

129 2402 205 2467 runt
228 2401 321 2488 (Sese.
346 2403 460 2484 XXIV,
485 2423 550 2488 cap.
575 2405 603 2473 l.
627 2405 665 2471 dc
691 2405 846 2490 Reform).
891 2403 1084 2488 Quapropter
1113 2421 1151 2468 ne
1181 2403 1250 2487 quis
1275 2403 1307 2467 in
1337 2423 1374 2468 ea
1512 2453 1513 2466 2

128 2526 163 2571 re
185 2506 394 2592 delinqueret,
417 2508 605 2574 Benedictus
627 2509 713 2576 XIV.
737 2509 885 2574 Deoessor
908 2507 1036 2587 Noster,
1069 2506 1161 2573 editis
1183 2507 1371 2592 Apostolicis

128 2611 258 2677 Litteris
284 2611 382 2678 »Cam
403 2633 525 2696 semper
548 2613 687 2680 ΡΡΡΡΡΡΡΡ
722 2613 771 2678 die
803 2613 854 2679 19.
878 2612 1014 2696 Augusti
1041 2611 1245 2691 accolito,
1277 2611 1374 2676 edixit
1484 2624 1488 2631 '

128 2734 235 2782 omnes
261 2719 293 2782 et
321 2717 477 2802 singulos,
511 2718 563 2802 qui
596 2717 629 2783 in
660 2717 764 2802 eliqua
798 2717 973 2783 Parochieli
1007 2715 1146 2782 Ecclesia
1179 2733 1372 2800 quocumque

127 2818 224 2884 titulo
246 2821 420 2887 animarum
444 2839 551 2887 curam
573 2823 725 2907 gererent,
749 2821 782 2885 in
804 2820 937 2904 singulis
958 2819 1131 2886 Dominicis
1153 2819 1283 2904 aliisque
1307 2820 1373 2886 die·

128 2924 188 2988 bus
208 2923 296 2990 lestis
320 2942 398 2990 »non
421 2924 510 2992 modo
533 2925 719 3015 sacrificium
740 2925 855 2991 Missae
877 2924 1046 3004 celebrare,
1077 2923 1130 2988 sed
1161 2923 1257 2990 etiam
1286 2924 1373 2990 illins

131 3027 286 3094 »bustum
309 3028 444 3094 medinm
472 3049 525 3114 pro
554 3030 664 3114 populo
694 3029 755 3095 sibi
782 3029 943 3096 commisso
972 3028 1127 3112 applicare
1158 3028 1286 3096 debere:
1317 3049 1373 3095 nec

132 3132 230 3196 »illud
253 3152 307 3216 pro
330 3133 400 3200 aliis
424 3134 598 3218 applicare,
620 3136 675 3200 aut
698 3153 751 3218 pro
774 3132 952 3218 hujusmodi
976 3132 1180 3216 applicatione
1204 3133 1371 3218 eleemosy-

132 3254 225 3302 »nam
247 3237 403 3320 percipere
424 3256 541 3322 posse«
570 3275 609 3286 -
633 3236 751 3319 Quibus
774 3237 898 3323 quidem
922 3236 954 3301 in
977 3235 1094 3303 litteris
1117 3239 1225 3321 aperta
1246 3237 1373 3320 Episco-

128 3359 238 3424 porum
258 3341 374 3407 mentio
397 3343 486 3407 nulla
510 3345 574 3408 est:
597 3342 798 3408 nibilominus
821 3341 960 3407 dubitari
982 3361 1042 3407 non
1064 3343 1175 3424 potest,
1198 3341 1272 3425 quin
1287 3341 1372 3406 Pon-

127 3444 206 3510 tifex
225 3444 472 3528 sapientissimus
493 3447 573 3531 quod
597 3447 634 3513 de
650 3446 797 3512 Perochis
813 3447 879 3512 tem
896 3445 1032 3530 graviter
1048 3444 1266 3529 praecipiebat,
1289 3445 1373 3510 idam

128 3549 168 3612 do
189 3549 358 3633 mej0ribus
380 3551 553 3616 animarum
578 3551 752 3634 pastoribus
774 3549 912 3634 intelligi
943 3550 1040 3615 tacite
1061 3547 1372 3647 saltemset‘oblique

128 3653 271 3719 voluerit.
317 3654 412 3738 idque
436 3656 535 3721 multo
556 3656 619 3721 veri
640 3655 775 3721 similius
800 3654 928 3738 apparet
957 3673 992 3719 er
1019 3671 1073 3731 ao,
1106 3653 1187 3736 qnod
1217 3654 1372 3737 proximus

128 3756 197 3841 ejus
219 3776 375 3823 successor
398 3757 539 3824 Clemens
562 3760 651 3826 XIII.
676 3760 707 3822 in
731 3759 789 3824 boo
812 3759 918 3824 eodem
939 3775 1051 3841 genere
1067 3757 1207 3840 exposuit
1222 3763 1254 3822 et
1270 3756 1372 3822 decla·

47 3917 54 3922 .
126 3861 219 3926 revit.
255 3861 285 3926 Is
308 3862 390 3927 enim
413 3862 445 3926 in
468 3863 596 3929 Litteris
620 3863 792 3947 Eneyelicis
818 3863 869 3928 »A
890 3882 948 3944 qao
964 3862 1033 3928 die«
1052 3861 1130 3944 post,
1152 3861 1199 3926 Id.
1216 3860 1370 3945 Septemb.

127 3983 177 4032 arr.
204 3965 497 4046 maraliscam
521 3967 620 4032 multe
649 3967 687 4032 de
716 3966 935 4050 episcopalium
967 3982 1130 4029 munerum
1159 3964 1370 4048 perfunctione

126 4068 272 4148 dixisset,
305 4069 384 4134 illud
419 4071 514 4136 etiam
548 4071 678 4154 adjecit,
716 4089 836 4135 sacram
870 4087 923 4152 pro
950 4068 1062 4152 populo
1092 4086 1238 4152 peragere
1263 4069 1370 4137 crebro

126 4172 293 4258 Episcopus
316 4175 464 4257 oportere,
490 4174 527 4238 de
550 4175 701 4260 sedeque
725 4173 958 4239 venerabilibus
979 4171 1139 4238 Fratribus
1163 4173 1226 4238 suis
1243 4174 1275 4239 in
1292 4174 1371 4240 hanc

126 4277 313 4344 seutentiam
335 4278 476 4344 locutus:
503 4278 601 4344 »Cum
625 4299 685 4346 nou
707 4279 827 4344 nostras
850 4276 1065 4343 tantummodo
1084 4296 1190 4344 eiurare
1206 4278 1371 4344 debeamus

129 4380 358 4461 »infirmitates
379 4382 433 4448 sed
456 4383 551 4448 etiam
576 4385 684 4466 putare
708 4381 839 4448 aliorum
863 4383 947 4446 mala
969 4381 1008 4445 ad
1028 4399 1083 4446 nos
1104 4383 1257 4464 pertinere
1280 4385 1313 4446 et
1335 4401 1371 4446 ea

129 4504 246 4570 »seque
268 4486 381 4552 habere
402 4506 437 4552 ac
460 4488 575 4565 nostra,
597 4486 810 4551 vehementius
826 4485 1004 4569 diutiusque
1020 4485 1208 4550 intendenda
1223 4485 1311 4549 nobis
1332 4485 1370 4549 ad

128 4589 316 4656 »Dominum
336 4595 442 4656 nostre
464 4591 511 4656 est
534 4591 641 4669 oratio,
664 4609 735 4674 qua,
752 4591 912 4674 tamquam
936 4586 1092 4656 Ecclesiae
1112 4589 1251 4654 fidelium
1270 4587 1368 4652 inter-

1200 4690 1268 4756 17*
