3028 4882
334 257 556 314 ,beassent-e:
573 259 615 310 rr.
633 255 912 325 renaseuntur.
932 257 1157 318 serenasset.
1298 241 1363 316 27?

118 435 189 500 buu·
213 461 249 482 -2-
273 431 328 496 'lis'
342 429 637 507 enimtloreutibm,
654 427 751 498 ffaoile
773 428 897 497 floreret
919 429 1048 500 arboee
1071 431 1103 496 et
1124 429 1280 512 pauset
1296 451 1366 503 olu-

118 527 366 602 erierebrisbiana
382 534 477 614 leus:
508 533 705 617 frangeretur
734 533 835 606 exlex,
851 532 1037 603 arenearum
1069 553 1187 606 rerumr-
1204 535 1364 618 appetitio,

121 637 412 722 nen'pertaederet,
440 637 522 722 pueri
544 637 713 704 marimum
737 637 832 720 etque
851 637 1077 708 odiosissimum
1100 638 1255 724 phariseae
1275 641 1365 722 buta.-

118 747 290 821 tueonue,
316 741 457 807 wclamitas
482 742 597 807 habere
619 741 733 808 virtute
758 741 954 824 conuenae.
992 741 1194 826 ,senebruno
1211 757 1281 818 rere
1302 743 1365 816 fra
1500 751 1508 764 “

119 847 228 912 ternae
250 845 361 910 rinolie
383 845 524 930 eolligeii
546 845 715 929 diligerent
734 844 1293 934 'nominassent,aeaegonaoeeet
1312 867 1365 920 ou-

117 949 292 1028 le'eiiitosis,
315 947 631 1034 ,quippeinaginen
645 949 764 1016 Christi
787 949 981 1032 gerentibus,
1005 969 1091 1040 eum,
1106 965 1207 1034 squaru
1230 954 1364 1037 pares,

117 1051 326 1123 maerentium
349 1051 551 1122 adhiberent.··
565 1088 607 1102 «-
629 1053 795 1120 Praeterea
818 1053 872 1137 qni
893 1054 1042 1139 religione
1056 1055 1365 1140 ebusitana-penitus

119 1154 237 1226 imbuti
258 1161 352 1238 eunt,
370 1159 511 1224 sentiunt
530 1157 647 1242 judicio
668 1158 763 1237 oerto,
787 1157 928 1242 legitime
942 1159 1366 1243 imperantibneeonseienua

120 1261 215 1328 oifieii
237 1264 458 1346 obtemperari,
487 1262 635 1345 nubeque
666 1260 698 1327 in
722 1261 883 1329 renialeri
905 1265 1274 1348 quemqnam-oportere:
1304 1283 1366 1350 qua

118 1365 222 1432 animi*
241 1366 402 1432 atieotione
424 1365 503 1431 nihil
525 1368 574 1444 est
596 1364 751 1431 ostensius
766 1365 806 1432 ad
821 1366 1060 1450 extinguendam
1078 1367 1228 1439 raduine
1242 1385 1364 1440 omnem

118 1472 152 1536 in
175 1471 367 1555 hoe-genere
389 1468 614 1546 vitiositatem,
637 1468 719 1549 rim,
749 1469 867 1553 injurus
890 1487 1038 1538 novarum
1062 1491 1164 1540 rerum
1192 1471 1364 1554 libidinum,

113 1575 274 1642 inuidiam
300 1574 382 1639 inter
411 1573 511 1640 varim
542 1573 680 1640 civitatis
710 1572 849 1642 ordines:
885 1575 1065 1658 inquibus
1098 1576 1241 1645 omnihus
1272 1577 1366 1648 initia

120 1679 440 1762 simulatquearmu
463 1677 644 1745 Snoioiismi
663 1676 848 1746 oonsisbunt.
864 1715 913 1740 -,-
939 1679 1078 1764 Denique
1100 1680 1189 1748 illuriw
1203 1681 1310 1762 etiam,
1333 1682 1363 1748 in

120 1803 182 1868 quo
201 1783 369 1867 prudentes
382 1795 492 1847 rerum
514 1781 652 1847 millium
680 1782 768 1849 tanto
791 1800 883 1866 opere
902 1781 1061 1863 laborant,
1092 1785 1130 1850 de
1161 1785 1365 1868 loeupletiurn

120 1889 155 1952 et
170 1905 343 1972 egenorum
363 1885 534 1951 rationibus
557 1885 616 1951 erit
639 1885 753 1968 optime
775 1885 992 1966 constitutum,
1013 1888 1071 1954 hoo
1087 1889 1149 1957 bno
1164 1890 1196 1956 et
1209 1909 1364 1972 persuasu,

115 1985 304 2057 vnonzvaoere
323 1989 476 2074 dignitate
492 1990 721 2073 paupertatem:
745 1989 874 2056 divitem
885 1990 1113 2062 misenensem
1126 1994 1363 2073 etmunifioum,

120 2087 287 2179 pauperem
310 2113 366 2160 sua
389 2095 470 2159 sorte
493 2093 707 2178 industriaque
738 2095 918 2161 eonteotum
949 2114 1030 2166 osse.
1047 2099 1203 2180 oportere:
1233 2117 1364 2181 eumque

118 2201 232 2266 neuter
254 2199 296 2264 sit
316 2199 357 2264 ad
380 2199 456 2264 haee
479 2197 713 2264 commutabilia
737 2198 817 2266 bona
836 2199 947 2279 nutus,
974 2199 1065 2270 alteri
1085 2201 1364 2284 penetranter
1469 2229 1472 2238 ·

120 2299 313 2371 liberalitate
335 2303 367 2370 in
389 2304 510 2370 eaelum
534 2321 600 2368 esse
619 2302 812 2370 veniendum.
1293 2333 1296 2338 ·
1349 2355 1350 2358 η

227 2408 286 2474 Hie
308 2409 345 2474 de
369 2407 486 2475 caussis
506 2406 603 2474 Nobis
626 2407 674 2472 est
695 2406 750 2474 iliu
773 2409 804 2472 et
819 2425 1004 2492 magnopere
1019 2408 1051 2474 in
1069 2407 1167 2488 rotie,
1183 2409 1364 2493 utqantum

118 2514 250 2598 quisqare
279 2514 382 2598 potest
409 2513 443 2576 in
474 2511 680 2578 imitationem
707 2511 871 2580 sraneisoi.
887 2511 1069 2578 Assisiensie
1092 2531 1125 2578 se
1147 2513 1298 2584 inmutat.
1323 2553 1361 2562 -
1473 2573 1475 2576 .
1507 2507 1508 2518 ³

120 2614 243 2684 lichno
272 2617 356 2684 siout
384 2635 503 2701 semper
534 2617 631 2682 antea·
653 2611 748 2682 tertio
779 2615 1022 2685 Francisoalium
1051 2616 1364 2702 ordieieingalarern

119 2741 227 2789 euram
250 2723 466 2803 adhibuimus,
498 2722 544 2788 ita
572 2741 654 2786 nune
683 2739 804 2786 summa
834 2720 891 2787 Dei
914 2720 1109 2804 benignitate
1130 2720 1171 2786 ad
1194 2723 1363 2806 gerendum

121 2827 344 2894 Pontificatum
366 2826 534 2892 marimum
558 2825 669 2904 vorati,
693 2843 762 2890 eum
785 2824 931 2891 insiderit
953 2825 990 2890 ut
1012 2825 1046 2890 iu
1058 2829 1282 2910 peropportune
1296 2827 1363 2894 fieri

119 2931 218 3017 possit
238 2929 423 2997 christianos
447 2929 585 2996 homines
608 2928 786 3006 hortamur,
804 2993 806 2995 ,
821 2931 858 2995 ut
890 2947 1000 2996 nomen
1026 2928 1101 2994 dare
1134 2934 1259 3000 sanotae
1290 2931 1363 3000 huie

119 3037 198 3103 Jeeu
211 3048 214 3052 ’
228 3035 345 3102 Christi
379 3035 510 3100 militiae
542 3052 581 3098 ne
614 3033 764 3098 recusent.
811 3031 941 3099 Plurimi
967 3035 1172 3100 numerantur
1190 3035 1304 3120 passim
1327 3056 1364 3103 en

118 3143 253 3224 utroque
275 3158 358 3218 sexu,
383 3139 436 3223 qui
457 3138 559 3204 Patris
581 3137 740 3222 Seraphim
765 3137 914 3222 vestigiis,
927 3137 1025 3204 walaori
1047 3138 1150 3205 animo
1170 3141 1236 3226 jem
1255 3141 1362 3226 ingre·

119 3246 257 3312 (liuntur.
301 3244 444 3326 Quorum
469 3242 633 3308 laudamus
660 3241 724 3308 tale
747 3242 887 3308 studium
910 3241 1167 3328 vehementerque
1186 3245 1362 3328 probamus,

119 3349 167 3416 its
188 3351 293 3413 tamen
316 3350 351 3413 ut
373 3348 452 3414 illud
475 3347 580 3432 augeri
601 3350 634 3413 et
652 3347 691 3413 ad
712 3348 816 3432 plures
838 3348 1024 3432 propagari,
1054 3349 1150 3418 Vobis
1180 3349 1361 3434 praesertim

119 3452 351 3531 adnitentibus,
381 3451 576 3518 venerabiles
597 3452 739 3530 Fratres,
769 3451 908 3518 velimus.
955 3452 1118 3536 rut-eaput
1136 3453 1184 3519 est
1206 3471 1363 3522 eommun-

119 3556 255 3623 dationis
279 3557 429 3637 Nostrae,
463 3557 497 3622 ut
518 3556 573 3640 qui
593 3555 730 3641 insignia
753 3557 966 3624 Pestilentiae
986 3555 1167 3637 induerint,
1194 3557 1363 3644 imaginem

119 3662 261 3745 spectent
283 3661 472 3728 sanctissimi
495 3661 631 3728 auotoris
652 3661 719 3741 sui,
750 3660 789 3726 ad
819 3677 948 3743 eamque
971 3661 1173 3728 cernebant:
1203 3661 1270 3730 sine
1289 3679 1362 3746 qua,

118 3764 201 3849 quod
223 3764 294 3830 inde
318 3766 531 3848 expectaretur
552 3764 640 3844 boni,
668 3765 746 3830 nihil
770 3765 860 3832 esset.
905 3764 1016 3848 Itaque
1050 3765 1122 3831 date
1154 3784 1296 3850 operam,
1327 3768 1363 3833 ut

118 3870 262 3936 Tertiam
285 3868 434 3936 Ordinem
456 3869 550 3953 vulgo
571 3870 699 3935 noscant
725 3870 818 3953 atque
850 3888 885 3934 ex
916 3868 1047 3936 veritate
1077 3869 1259 3938 aestiment:
1291 3889 1362 3956 pro-

117 3969 233 4049 videte,
254 3974 290 4037 ut
312 3971 364 4056 qni
387 3975 623 4058 abrumperent
645 3974 827 4054 animarum,
852 3973 982 4050 doceant
997 3972 1103 4040 sedulo
1118 3972 1220 4057 qualis
1235 3972 1359 4053 illasii,

117 4093 214 4160 quern
237 4075 327 4142 facile
350 4077 659 4164 uniruiquepateat,
692 4095 785 4162 quam
814 4078 940 4163 magnis
968 4078 1000 4142 in
1032 4076 1204 4147 animorum
1228 4078 1362 4146 salutem

109 4179 290 4265 privilegiis
310 4180 484 4260 abundent,
519 4183 667 4266 quantum
700 4181 867 4262 utilitatis,
902 4181 1047 4266 privatim
1071 4182 1101 4248 at
1125 4181 1247 4264 publice
1255 4237 1260 4243 .,
1270 4182 1360 4265 polli-

117 4287 257 4350 eeantur.
304 4284 340 4351 In
363 4303 422 4369 quo
446 4303 480 4350 eo
501 4286 601 4370 magis
623 4289 672 4352 eat
695 4285 933 4367 elaborandum,
967 4285 1049 4370 quod
1072 4285 1193 4352 sodales
1209 4285 1359 4354 'Francis-

116 4387 200 4454 oalee
223 4385 341 4452 ordinis
360 4389 453 4472 primi
475 4392 508 4455 et
532 4390 660 4455 alterius
682 4390 769 4474 gravi
800 4389 832 4454 in
856 4407 999 4474 praesens
1022 4390 1161 4474 perculsi
1189 4392 1283 4475 plaga
1312 4390 1360 4454 in·

116 4491 213 4577 digne
236 4492 388 4560 laborant.
434 4493 475 4558 Hi
497 4494 622 4579 quidem
642 4495 776 4574 utinam,
808 4494 946 4578 parentis
969 4494 1017 4560 sui
1040 4495 1209 4578 patrocinio
1231 4492 1359 4572 defensi,

115 4598 259 4666 celeriter
282 4616 317 4665 ex
338 4599 386 4666 tot
407 4598 550 4680 fluetibus
575 4599 676 4684 vegeti
699 4600 730 4665 et
750 4599 896 4666 florentes
913 4602 1092 4685 emergant!
1119 4601 1245 4666 Ulmum
1264 4595 1358 4662 etium
