3028 4882
377 237 439 294 neo
459 225 544 293 nnn.
564 240 593 294 a.
611 240 637 294 1.
658 239 734 313 nep.
755 239 829 294 noea
847 241 889 294 aa
907 255 953 309 ep.
973 238 1098 294 narra.
1294 221 1358 286 267

107 411 196 496 (nin
219 411 271 478 De
291 431 367 478 cero
389 410 554 494 Retipione
576 429 606 475 n.
628 411 676 496 9),
706 411 856 496 impleant
877 427 1052 476 mensuram
1083 409 1230 488 namInls,
1263 412 1297 477 et
1324 412 1366 478 in·

107 499 183 600 ipsa
203 535 306 581 rernm
328 529 454 581 suarum
478 515 653 582 defensione
676 517 825 582 studeant
851 515 1019 602 essequod
1042 515 1197 581 dicuntur.
1243 516 1356 580 Mennis

109 620 219 684 norint
235 622 377 703 minora
400 637 466 685 esee
488 619 660 686 libertatem
674 639 781 688 carere
796 619 980 688 criminibus
995 618 1040 703 (S.
1054 618 1250 705 Augustinus
1265 621 1358 686 tract.

109 723 199 790 XLI.
221 723 257 788 io
278 724 375 791 Joon.
400 741 429 787 n.
448 717 512 808 10),
535 741 628 806 seque
650 724 681 787 in
697 723 781 788 omni
797 723 861 788 vita
880 723 925 787 sic
949 724 1070 806 garant,
1090 722 1290 788 utrtetntas
1313 722 1368 788 le«

108 828 208 912 gibus
229 845 340 910 poenas
361 843 449 892 nemo
472 825 608 910 ipsorum
631 827 701 892 luat
714 827 930 906 attoaricidn,
953 833 1008 892 oret
1020 827 1086 908 far,
1105 831 1162 892 out
1174 827 1358 910 mulctans,

108 933 369 1006 notatissimum
389 933 545 1014 appetitor
566 931 605 1016 (Ι.
629 932 713 998 Petr.
735 931 788 1011 IV,
812 931 875 1016 15).

175 1051 189 1057 ··
221 1035 510 1114 Paraetoniam,
545 1036 663 1101 vestras
696 1035 730 1100 in
764 1035 877 1119 populo
905 1033 1039 1119 regendo
1057 1031 1246 1118 episcopales
1268 1051 1358 1099 auras

109 1139 199 1205 Cleri
228 1138 325 1205 totius
355 1137 496 1223 adjurari
530 1138 663 1218 virtute,
697 1137 819 1216 labore,
851 1137 1015 1206 Industria.
1038 1170 1081 1188 --
1103 1136 1206 1218 Quam
1228 1136 1362 1214 edraim

108 1249 195 1326 qnae
217 1241 255 1306 de
277 1241 500 1307 sacerdotibus·
515 1243 697 1326 praesertim
724 1241 899 1326 junturibus
930 1241 1148 1309 conmituonda
1182 1240 1357 1317 censuistis,

109 1347 201 1410 recta
223 1346 255 1410 et
278 1345 490 1412 convenientia
512 1346 703 1430 temporibus
723 1345 908 1429 judIcomus.
956 1345 1081 1411 Etenim
1104 1344 1316 1423 sacerdotes,
1330 1345 1358 1410 si

107 1465 253 1532 unquam
276 1448 363 1529 alias,
387 1451 470 1514 certe
492 1449 524 1513 in
547 1450 617 1516 Istis
639 1450 782 1534 procellis
803 1449 1003 1534 popularibus
1026 1449 1154 1514 soleriae
1169 1451 1202 1516 et
1215 1467 1357 1534 operosos

107 1553 315 1618 conservandi
344 1554 460 1620 ordinis
489 1555 646 1639 adjutores
675 1573 741 1620 esse
771 1571 893 1620 neeesse
922 1555 978 1622 est.
1023 1554 1065 1620 iit
1086 1553 1220 1638 qniaut
1239 1554 1357 1637 optima

108 1657 245 1740 quisquo
268 1657 408 1741 opinione
429 1657 536 1737 floret,
557 1659 602 1725 ita
624 1659 656 1723 in
671 1657 810 1725 'allorum
834 1657 952 1724 animos
975 1657 1108 1723 manime
1130 1659 1251 1742 potest,
1281 1658 1358 1725 anili

109 1759 230 1826 deterri
256 1763 292 1826 ut
321 1762 571 1846 approbationem
600 1761 758 1828 hominurn
789 1764 934 1857 moveant
963 1762 1137 1847 gravitate,
1171 1763 1356 1842 constantin,

109 1865 327 1932 moderatione
349 1867 500 1932 factorum
528 1869 622 1950 atque
652 1865 822 1944 dictorum
858 1881 914 1931 noe
948 1883 1019 1932 nero
1051 1883 1143 1951 agere
1176 1865 1357 1952 quidquam,

108 1969 196 2054 quod
220 1989 238 2035 a
260 1969 426 2054 prudentia
439 1973 496 2037 ant
515 1991 533 2037 a
553 1970 658 2038 studio
672 1971 893 2054 placanda-nn
912 1971 1084 2036 animorum
1100 1971 1234 2038 almnnm
1250 1970 1355 2036 viden·

107 2078 177 2140 tur.
219 2076 323 2141 Fae-ila
346 2076 449 2140 autem
474 2074 673 2159 intelligitur,
691 2075 788 2140 talem
803 2075 867 2140 fore
887 2073 1021 2153 (ilerum,
1044 2074 1168 2158 qualern
1183 2076 1362 2158 temporum.

109 2179 196 2246 ratio
215 2180 363 2264 pesistat,
386 2181 412 2245 si
435 2178 567 2264 sapienti
590 2179 753 2264 disciplina
773 2179 959 2264 optimisque
978 2179 1152 2263 praeceptis
1171 2178 1357 2246 faentina-

109 2275 192 2350 iure'
209 2283 385 2351 insiliutus,
417 2284 507 2363 Nam,
532 2287 568 2349 ut
586 2283 694 2348 Patres
708 2283 883 2348 Tridentini
899 2284 1093 2362 monuerunt,
1110 2283 1361 2350 odobesornu'ma

108 2395 211 2470 aune,
233 2389 299 2455 nisi
318 2409 338 2454 o
359 2389 476 2455 teneris
498 2388 593 2455 onais
612 2388 655 2454 aa
666 2387 814 2469 muntem
831 2388 1054 2471 etrelipiooem
1068 2387 1254 2470 informetur
1265 2406 1356 2454 num·

108 2510 210 2576 paona
228 2493 363 2574 per-fecte
384 2513 422 2560 oc
442 2493 511 2559 sine
531 2493 671 2558 monimo
693 2513 731 2558 oe
752 2492 912 2575 superiori
928 2492 1152 2575 propemodum
1172 2491 1248 2560 Dei
1253 2491 1356 2556 omni·

101 2598 248 2682 prunas
276 2598 440 2664 canitia
426 2619 460 2663 aa
490 2597 662 2680 diempbino
691 2597 902 2664 embmiostico
921 2601 1094 2678 parauerat
1114 2595 1209 2678 (Sese
1233 2595 1355 2738 XXIII

109 2700 167 2768 De
188 2701 329 2784 Reform
354 2720 419 2786 cap.
446 2701 510 2786 18).

219 2805 288 2871 Hac
310 2805 361 2870 via
383 2807 488 2870 ett
438 2825 471 2870 ra
473 2805 556 2871 tione
577 2805 717 2871 futurum
740 2805 939 2884 arbitramur,
964 2805 999 2870 nt
1012 2804 1165 2872 Hibernia
1177 2823 1355 2890 prosperam

107 2926 216 2975 rerum
251 2908 473 2990 conditionem,
502 2928 594 2994 quam
625 2909 757 2994 expetii,
791 2909 913 2975 nemine
947 2908 1107 2988 violando,
1141 2911 1355 2993 consequatur.»

107 3012 248 3091 Etenim,
272 3012 354 3078 sicut
376 3013 452 3078 alias
475 3011 571 3079 Vobis
593 3013 848 3098 significavimus,
875 3013 1022 3080 Hibernis
1045 3033 1143 3097 amaa
1165 3012 1355 3097 postulanti·-
1492 3051 1494 3054 -

109 3119 172 3183 bus
195 3115 272 3180 satis
295 3116 445 3196 iacturae,
477 3116 531 3201 qui
548 3135 661 3184 ,rerum
692 3117 885 3201 publicarum
909 3116 1173 3183 administrationi
1196 3120 1354 3202 praesunt,

110 3219 307 3318 confidimus.
359 3221 446 3304 Quod
480 3241 540 3288 non
569 3221 669 3288 solum
697 3221 812 3288 ventas
840 3221 967 3300 suadet,
1001 3221 1054 3286 sed
1085 3222 1239 3305 mareau
1257 3219 1356 3286 etiam

109 3327 249 3408 ipsorum
274 3324 437 3408 prudentIa
458 3324 576 3404 civilis,
605 3345 675 3392 cum
705 3325 843 3391 dubItari
873 3345 932 3392 non
959 3325 1057 3410 possit
1078 3325 1248 3392 Hiberniae
1270 3324 1355 3390 inco-

109 3428 289 3496 lumitatem
313 3448 384 3495 curn
407 3430 635 3514 tranquillitate
658 3431 755 3496 totius
776 3430 899 3514 imperii
922 3449 989 3497 esse
1011 3430 1217 3515 conjunctam.
1235 3464 1272 3476 -
1290 3428 1355 3494 Nos

109 3533 240 3599 interim
269 3532 329 3599 hac
362 3552 415 3616 spo
440 3533 565 3600 adducti
598 3533 725 3600 minime
753 3534 998 3602 intermittemus
1032 3535 1203 3601 Hibernam
1230 3533 1354 3618 gentem

110 3636 310 3704 consiliorum
332 3637 515 3704 Nostrorum
538 3638 724 3705 arcanuia
737 3639 861 3722 jurare,
882 3640 914 3704 et
935 3638 1076 3705 Incensus
1099 3637 1203 3704 studio
1225 3639 1258 3704 et
1274 3637 1355 3703 cori·

110 3742 306 3824 intepretes
328 3740 368 3807 ad
391 3740 490 3806 Deum
514 3741 657 3821 tondere,
687 3744 723 3807 ut
746 3742 891 3825 populum
915 3742 963 3807 tot
982 3741 1049 3825 jam
1072 3740 1223 3807 nuatum
1246 3743 1278 3806 ei
1299 3749 1353 3806 no·

109 3845 273 3910 bilitatum
296 3843 388 3909 laude
412 3844 562 3928 propitius
584 3844 747 3929 respiciat,
782 3845 1020 3928 compositisque
1050 3845 1214 3923 ductibus,
1247 3846 1355 3927 optata

109 3948 239 4014 tendent
263 3965 350 4031 pace,
365 3951 398 4012 et
429 3949 634 4032 prosperitate
667 3951 856 4016 muneretur.
901 3947 1020 4014 Horum
1045 3949 1150 4014 antem
1171 3948 1354 4016 caelestium

110 4067 275 4118 mnnemm
298 4051 453 4135 auspicem
477 4053 509 4118 et
531 4054 710 4137 praepruae
730 4052 962 4119 benevolentiae
973 4053 1107 4118 Nostrae
1122 4053 1235 4120 testem
1248 4053 1353 4132 Ioum,

112 4156 235 4224 Dilecto
260 4155 319 4220 iili
342 4156 474 4236 Noster,
507 4157 706 4223 Venerabiles
727 4157 868 4236 Fratres,
902 4156 990 4222 Olera
1020 4173 1056 4221 ac
1078 4157 1190 4240 populo
1212 4157 1355 4228 universo

109 4258 323 4345 Apostolimm
348 4259 595 4325 Benedictionem
618 4263 814 4344 peramanter
835 4261 865 4326 in
890 4257 1022 4326 Domino
1044 4259 1250 4342 impertImns.

217 4363 335 4428 Datum
358 4363 472 4430 Romae
495 4364 577 4448 apud
599 4362 630 4430 S.
655 4361 783 4430 Petrum
806 4365 857 4430 dio
880 4365 908 4432 1.
934 4364 1070 4449 Augusti
1091 4363 1152 4430 An.
1173 4365 1256 4432 1882
1274 4349 1354 4432 Po'n·

107 4467 252 4535 tidcatus
274 4467 383 4536 Nostri
405 4487 485 4535 anno
506 4469 625 4553 quinto.

871 4617 873 4624 ,
964 4573 1029 4642 Leo
1052 4575 1120 4643 PP.
1143 4573 1250 4642 XIII.
