2998 4886
403 230 588 299 Noeris-seo,
609 232 654 288 De
674 234 864 288 coemeteriis
884 233 920 288 a'n
940 231 1055 288 Gallia.
1286 213 1350 276 299

104 403 250 470 siastioae
272 403 470 490 congruenti,
494 404 598 473 omnia
620 403 804 470 coemeteria
827 403 988 484 hodierna,
1017 403 1114 471 etiam
1145 403 1273 490 antiqua
1294 404 1351 470 illa

104 527 185 592 qnae
207 511 277 591 post
296 528 442 594 magnam
467 508 732 594 perturbationem
760 508 908 594 gallicam
940 508 1089 574 restituta
1118 509 1258 588 fuerunt,
1290 528 1349 574 non

104 611 242 695 amplius
264 612 420 696 pertinent
443 614 482 679 ad
505 613 638 680 fabricas
656 613 871 693 ecclesiarum,
900 611 954 679 sed
977 612 1016 677 ad
1038 612 1207 697 municipia
1230 611 1350 689 ciuilia;

104 715 262 799 quinimo,
295 735 330 781 ex
356 717 603 802 jurisprudentia
634 717 763 785 Consilii
791 715 918 796 Status,
946 715 1083 783 fabricae
1112 717 1198 801 ipsae
1227 717 1349 801 propria

105 819 291 886 coemeteria
313 821 471 906 acquirere
493 823 548 887 ant
570 821 726 906 possidere
748 840 872 906 prorsus
894 820 1145 906 prohibentur1).

210 925 311 992 Nemo
333 945 393 991 666
415 909 1019 1011 611616666111166161061611666666
1042 926 1197 1010 repugnet
1215 924 1349 990 fabricas

98 1027 307 1116 eeclesiarum
339 1029 398 1096 hoe
424 1030 494 1115 jure
517 1029 696 1114 acquirendi
719 1033 752 1095 et
773 1028 950 1114 possidendi
971 1029 1134 1095 fraudari·
1166 1028 1229 1096 (tur
1249 1028 1349 1113 igitur

104 1132 240 1214 labrica,
262 1152 341 1218 quae
363 1153 525 1218 personam
548 1134 695 1202 eeclesiae
717 1134 925 1218 parochianae
947 1133 1046 1222 gerit,
1074 1132 1250 1217 sumptibus
1273 1132 1348 1198 fide-

102 1236 184 1302 lium
206 1236 298 1302 istius
322 1237 467 1307 eeclesiae
490 1239 707 1307 coemeterium
729 1239 916 1307 ceust‘tuere
938 1257 998 1306 non
1020 1241 1126 1326 posset
1146 1239 1178 1304 et
1200 1239 1347 1320 tanquam

72 1341 222 1416 -bnnum
249 1332 411 1426 'proprium
447 1361 584 1424 servare,
623 1345 736 1410 saltem
769 1343 826 1413 snb
859 1341 999 1436 custodia
1029 1341 1189 1426 municipii
1219 1341 1349 1432 civilis?

106 1443 281 1530 Denegatio
304 1445 396 1530 hujus
416 1446 496 1531 juris
519 1466 553 1515 66
577 1447 678 1534 magis
702 1448 780 1514 mira
802 1449 834 1514 et
856 1447 960 1532 iniqua
989 1465 1054 1514 esse
1085 1445 1226 1538 videtur,
1255 1465 1347 1531 quam

103 1547 237 1632 privatis
255 1549 287 1614 in
302 1551 386 1616 terra
403 1552 526 1636 propria
545 1551 669 1636 sepeliri
687 1551 814 1618 minime
831 1551 987 1632 abnuitur,
1011 1548 1170 1618 accedenti
1184 1549 1348 1618 dumtaxat

105 1653 237 1740 Majeris
260 1654 419 1738 municipii
442 1657 669 1740 approbatione.
917 1743 918 1746 Ἴ
1228 1721 1246 1734 ,,

213 1757 377 1838 11616616,
409 1759 575 1826 hodiedum
606 1759 746 1828 Ecclesia
773 1759 928 1826 catholica
955 1758 1192 1838 1616111661
1222 1757 1347 1838 articuli

106 1861 159 1926 15.
175 1861 355 1948 supradicti,
379 1863 444 1948 jure
463 1863 604 1948 pollebat
624 1863 815 1948 prohibendi,
836 1883 874 1930 ne
896 1863 928 1928 in
948 1864 1038 1946 parte
1060 1862 1235 1930 coemeterii
1255 1861 1348 1936 bene-

104 1965 201 2046 dicta,
224 1985 352 2050 corpora
373 1986 538 2051 puerorum
561 1968 677 2052 absque
699 1968 854 2052 baptisma
879 1967 1112 2046 defunctorum,
1134 1967 1345 2032 excommuni-

103 2071 255 2148 catorum,
278 2069 493 2138 duellistarnm
517 2073 693 2143 atiliorum
714 2072 767 2157 qui
789 2091 821 2138 se
844 2071 905 2156 ipsi
928 2071 1162 2149 interemerunt,
1187 2071 1280 2158 juxta
1299 2089 1346 2136 re-

103 2173 197 2259 gulas
218 2175 379 2242 canonicas
398 2177 594 2259 ponerentur.
639 2175 698 2244 Sed
721 2176 770 2242 illi
794 2176 894 2260 pauci,
917 2175 969 2261 qni
988 2173 1218 2242 inhumationes
1241 2172 1347 2241 civiles

104 2276 373 2363 (cnfeuiasemente
396 2281 501 2366 616116)
523 2280 881 2360 revertententes
903 2279 982 2364 qnod
1003 2279 1037 2344 in
1060 2278 1148 2365 parte
1172 2276 1288 2345 minore
1315 2279 1347 2342 et

102 2381 250 2448 indecora
274 2382 533 2450 Goemeterierunr
564 2404 689 2470 corpora
718 2384 887 2459 amicornm
919 2401 1044 2450 suorum
1070 2383 1228 2468 jacerent,
1259 2381 1346 2468 parte

102 2488 211 2552 autem
233 2487 348 2571 majore
371 2489 402 2554 et
424 2487 572 2554 nobiliore
593 2487 763 2557 Catholicis
783 2489 955 2554 reservata:
979 2487 1050 2554 inde
1065 2487 1113 2554 ira
1127 2486 1235 2553 contra
1249 2485 1345 2550 istum

102 2589 273 2656 articulum
299 2591 348 2657 15.
897 2632 900 2636 -

210 2694 253 2760 At
273 2715 353 2762 6666
373 2697 443 2781 poet
464 2697 700 2783 abrogationem
720 2697 813 2781 hujus
836 2697 976 2776 articuli,
1004 2694 1177 2782 assignatio
1200 2693 1341 2780 sepultu-

100 2817 208 2864 rarum
231 2799 262 2863 in
285 2801 482 2868 coemeteriisv
505 2801 633 2869 arbitrio
665 2801 907 2886 municipiorum.
936 2801 1024 2886 piene
1057 2797 1229 2884 remanet}
1247 2817 1346 2881 porro,

101 2922 175 2969 cum
200 2903 262 2970 sint
286 2903 376 2971 hodie
399 2908 461 2973 tere
481 2906 584 2973 omnia
607 2905 761 2972 Ecclesiae
784 2906 913 2988 inimica·
932 2905 971 2971 61
993 2905 1113 2972 laveras
1135 2902 1346 2996 (1616661116-

101 3006 196 3074 cilius
218 3007 409 3091 obtinendos,
432 3011 572 3095 sequitur
594 3011 781 3078 coemeteria.
800 3009 969 3100 civitatum,
987 3008 1167 3092 plerumque
1180 3005 1297 3088 violata
1309 3009 1346 3082 61

100 3109 225 3194 polluta
245 3131 328 3195 esse;
358 3131 412 3194 ac,
436 3115 614 3199 propterea,
645 3115 897 3200 quotiescumque
920 3113 1051 3182 cadaver
1070 3111 1224 3180 Oatbelioi
1239 3111 1347 3176 ineis

102 3215 290 3296 tumulatm,
314 3215 396 3284 16666
415 3217 538 3302 praevie
561 3219 737 3303 specialiter
759 3218 961 3284 benedicitur.
1292 3277 1294 3285 .

140 3383 144 3392 .
211 3319 302 3412 Haec·
325 3319 390 3401 lex,
424 3339 485 3407 qua
513 3323 681 3408 abrogatus
709 3323 771 3389 suit
801 3323 951 3390 articulus
972 3321 1042 3401 XV,
1064 3319 1221 3405 proposita
1242 3317 1304 3400 fnit
1317 3337 1346 3404 a

103 3423 207 3489 tribus
237 3425 420 3512 membris2)
451 3427 562 3496 Coetus
590 3427 755 3495 nationahs
777 3427 958 3512 (assemblee
980 3421 1274 3511 nationalelverbis
1297 3441 1345 3486 sa-

102 3526 290 3612 quentibns:

211 3631 260 3699 Vu
289 3633 334 3702 les
357 3633 482 3701 articles
514 3635 554 3702 15
585 3637 618 3702 et
649 3629 689 3704 16
715 3637 756 3702 16
786 3637 900 3704 Decret
920 3636 962 3702 du
983 3637 1035 3702 23.
1055 3632 1184 3719 prairial
1207 3651 1248 3699 66
1271 3631 1343 3716 XII,

103 3739 290 3804 concamaut
312 3738 358 3805 les
381 3739 564 3822 sepulturea
584 3741 630 3806 les
652 3741 715 3808 dits
737 3741 862 3814 articles
884 3739 963 3806 ainsi
982 3755 1115 3826 6666666

211 3841 299 3908 »Art
327 3843 376 3910 15.
410 3843 497 3912 Dans
517 3843 562 3911 166
584 3863 761 3912 communes
783 3843 822 3910 61
840 3845 901 3912 i'on
915 3844 1050 3930 professe
1065 3842 1219 3927 plusieurs
1235 3841 1344 3920 661166,

103 3945 224 4030 chaque
245 3947 328 4014 culte
351 3945 418 4014 1611
441 3946 525 4015 avoir
548 3969 588 4014 un
611 3949 674 4017 lieu
698 3944 1345 4033 11616661666661166116η61166616

103 4069 158 4116 cas
179 4047 219 4116 ori
240 4049 265 4116 ii
286 4050 338 4138 u'y
359 4051 462 4120 aurait
483 4052 578 4137 qu'un
600 4055 668 4122 6661
690 4053 863 4133 cimetibre,
896 4072 935 4120 66
966 4052 996 4119 16
1025 4052 1191 4138 pentagona
1213 4070 1269 4138 par
1291 4050 1345 4117 des

102 4173 200 4235 murs,
222 4153 309 4222 haias
330 4175 370 4223 ou
393 4157 501 4239 fusses,
524 4178 561 4225 en
580 4160 690 4226 661661
712 4159 750 4225 16
772 4158 886 4244 parties
908 4157 985 4244 qu'il
1006 4177 1064 4246 ys
1087 4158 1124 4224 de
1140 4157 1241 4224 cuites
1255 4156 1344 4224 diffe-

209 4329 236 4399 1)
253 4329 380 4385 116616166
398 4330 434 4386 16
452 4329 577 4386 Ministro
593 4331 639 4386 des
658 4330 751 4387 Onltee
768 4331 814 4386 166
833 4329 874 4387 11.
888 4330 965 4386 Arrii
980 4329 1047 4386 1325
1063 4333 1092 4386 61
1104 4330 1145 4386 lu.
1157 4328 1255 4388 Juillet
1268 4329 1344 4386 1854.

103 4443 139 4458 -
156 4415 222 4472 Avis
238 4415 275 4472 16
291 4417 396 4474 Gemite
414 4417 447 4474 de
465 4415 619 4474 l’Interienr
636 4418 673 4473 du
691 4419 734 4473 26.
752 4417 867 4473 Octobre
886 4417 953 4473 1825
973 4447 1004 4458 -
1024 4418 1118 4474 1615.
1137 4418 1211 4479 Mare
1229 4417 1296 4472 1833
1315 4420 1345 4471 et

103 4506 148 4561 27.
167 4503 302 4573 Septemb.
321 4504 396 4562 1833.
414 4535 448 4545 -
465 4504 612 4562 (1166616166
630 4504 666 4561 du
683 4505 808 4561 Ministro
829 4505 876 4561 des
894 4503 988 4562 Cultes
1006 4506 1044 4562 du
1062 4506 1103 4562 10.
1120 4505 1195 4562 1611
1213 4503 1288 4561 1862.

209 4591 236 4661 2)
255 4591 521 4657 11111666666611,
544 4594 683 4648 Remeato
701 4593 939 4650 etBurtbeleme‘
958 4594 988 4650 S.
1004 4594 1137 4652 Hecabe.
1196 4641 1197 4646 1
1225 4618 1227 4626 s
