3028 4882
343 236 389 290 De
408 235 669 302 meritasmeritas
688 233 727 288 ab
747 236 839 302 episc.
858 250 918 301 pro
933 235 1042 304 popul.
1063 234 1112 302 off.
1285 215 1360 281 265.

107 407 247 491 »inquit
277 407 414 491 aliquem
436 407 567 473 existere
598 406 647 471 eui
669 405 880 490 singulariter·
894 405 1071 483 incumbat,
1102 404 1129 470 si
1157 423 1222 470 ¹noo
1242 424 1356 489 regere·

108 511 285 595 »captivom
308 511 395 576 illam
418 511 529 580 miseri,
548 509 653 594 gregis
674 509 855 592 portionem,
874 527 985 592 proces
1006 509 1119 574 seiten
1139 528 1177 574 ac
1196 509 1351 593 lacrymae

109 635 183 699 »pro
203 612 316 680 eadem
334 615 374 680 ad
396 614 676 682 misericordiarum
701 615 827 679 Patrem
850 613 974 678 assidue
995 612 1182 678 effunderes
1221 640 1224 655 =
1270 635 1271 646 ι
1305 637 1319 673 ι

213 720 361 784 Volumus
383 721 490 784 autom
512 719 687 802 praesentes
705 719 856 796 Litteras,
880 718 1047 800 omniaque
1065 717 1297 800 etsingulain
1312 717 1351 782 iis

107 825 255 892 contenta
275 821 500 890 inviolabiliter
518 823 686 921 observari,
710 825 750 888 ‘et
772 823 812 887 de
834 821 1050 904 subreptionis,
1074 821 1352 905 obsequeremur
1379 838 1383 845 ·

108 929 330 1014 cujuscumque
358 925 566 994 inualiditatis
591 927 666 994 vitio
689 926 933 1010 intentionisque
954 925 1095 992 Nostrae
1108 927 1351 1010 etrquoonmque

108 1033 170 1099 alio
189 1033 312 1098 deiectu
334 1051 353 1097 a
372 1049 526 1116 quoquam
549 1031 666 1111 notan,
682 1031 887 1115 impugnari,
910 1031 959 1096 vel
980 1030 1014 1094 in
1030 1029 1275 1096 vcontrouersiam
1299 1049 1358 1096 ro-ss

108 1135 282 1202 carinullo
302 1153 437 1219 unquam
462 1137 599 1219 tempore
617 1151 722 1220 posse:
753 1135 877 1200 sublata
908 1133 1039 1200 cuilibet
1061 1133 1159 1204 aliter
1177 1133 1216 1198 de
1236 1133 1353 1217 bisju·
1502 1183 1503 1186 ,

108 1240 233 1306 dicandi
255 1241 288 1306 et
309 1239 475 1306 deliniendi
497 1241 669 1324 potestatet
692 1241 724 1305 et
745 1239 895 1324 quidquid
910 1251 998 1306 secus
1012 1257 1104 1322 super
1120 1237 1171 1302 his
1186 1238 1357 1320 contigerit
1502 1273 1503 1322 5

108 1341 275 1423 attentari,
303 1344 427 1409 irritum
457 1346 488 1409 et
520 1345 612 1410 inane
635 1343 837 1410 decernimus.
883 1343 952 1408 Nou
974 1341 1354 1408 obstantibus-domuim-
1451 1333 1452 1336 ’

109 1450 247 1516 tionibus
267 1451 298 1514 et
319 1447 575 1514 Ordinationibus
597 1444 798 1532 Apostolum,
818 1448 915 1514 otiern
938 1446 975 1512 iu
993 1446 1190 1530 generalibus
1207 1445 1354 1512 moenis

109 1551 212 1632 editis,
234 1569 296 1616 neo
311 1571 370 1618 nou
386 1547 597 1618 Cancellariae
614 1552 810 1636 Apostolicoe
824 1551 953 1636 regulis,
976 1551 1107 1616 statutis
1119 1552 1354 1634 quoqusratiam

109 1656 231 1741 juratis,
247 1656 527 1723 'consuetudinibus
550 1657 646 1723 etiarn
668 1656 977 1736 immemorabilium,
1002 1657 1095 1738 atque
1110 1655 1243 1720 indultis
1258 1655 1355 1718 otiam

110 1760 300 1844 Apostolieis
329 1761 559 1844 quomodolibet
594 1747 743 1827 hactenus
779 1761 947 1840 concessis,
986 1759 1157 1842 ceterisque
1190 1759 1355 1824 contrariis

110 1866 365 1982 quibuscumque.
412 1863 517 1949 Atque
540 1865 597 1932 has
625 1865 675 1931 nit
661 1869 760 1932 ttcrac
792 1867 908 1932 Romae
932 1862 1111 1948 publicatae
1139 1863 1289 1946 perinde
1298 1864 1357 1928 ltu-

110 1971 241 2035 beantur
259 1986 295 2035 ac
310 1969 337 2035 si
350 1969 514 2054 unicuique
530 1988 644 2050 eorum,
668 1989 744 2054 quos
760 1971 957 2048 corroserunt,
975 1969 1176 2094 personaliter
1191 1968 1356 2033 intimatae

111 2073 345 2140 otnotificatae
368 2073 508 2140 luissent.
1294 2095 1296 2106 ²

162 2177 304 2242 Nulli
333 2192 410 2261 ergo
438 2177 597 2243 homiuum
624 2178 719 2244 liceat
741 2177 819 2244 banc
841 2177 989 2262 paginam
1014 2121 1210 2242 Nostrarum
1214 2175 1354 2242 Ordines

110 2281 231 2347 tionum
254 2283 286 2346 11
309 2279 433 2346 Oonstit
418 2281 574 2346 tutionem
598 2281 775 2368 infringere,
799 2301 853 2348 seu
875 2281 974 2348 cidem
999 2298 1076 2346 ausu
1099 2280 1355 2346 temerariorum

110 2385 217 2450 treire.
261 2383 296 2450 Si
317 2385 387 2468 quis
414 2387 518 2450 autern
547 2385 605 2451 troc
636 2387 793 2452 attentare
823 2385 1080 2469 praesumpserit,
1107 2384 1354 2467 indignationem

111 2489 333 2572 omnipotentis
357 2489 432 2570 Dei,
463 2491 496 2555 11
525 2490 685 2556 beatorum
714 2492 799 2556 Petri
825 2493 858 2557 11
880 2489 973 2557 Pauli
993 2490 1209 2616 Apostolorum
1234 2489 1314 2572 ejus
1322 2506 1356 2554 se

111 2593 263 2659 noverit
255 2611 460 2660 incursurum.

218 2699 333 2762 Datum
357 2699 473 2764 Romae
496 2699 577 2782 apud
600 2697 747 2764 Sanctum
772 2701 920 2779 Petrum,
942 2716 1037 2764 anno
1043 2698 1267 2764 lucernationis
1291 2699 1354 2764 llo·

112 2801 243 2867 minicae
266 2801 430 2868 millesimo
453 2801 712 2886 octingentesimo
734 2803 944 2889 octuagesimo
959 2801 1102 2882 secundo,
1120 2803 1175 2870 111.
1192 2803 1239 2868 ld.
1254 2801 1354 2882 donli,

69 2996 77 3004 ·
114 2904 318 2970 Pontificatus
341 2906 449 2971 Nostri
470 2905 560 2972 Auno
585 2906 620 2973 V.

241 3007 274 3076 0.
300 3008 390 3076 Oerd
413 3009 879 3090 8111111,Ριο-1)ι11ιι1ιιι.-
908 3010 1270 3080 recorderetur

845 3113 924 3182 Vico
975 3165 977 3170 -
1209 3145 1210 3150 ¹

522 3218 568 3284 De
592 3218 734 3286 (111111.
759 3220 806 3286 De
826 3217 942 3304 Aquila
963 3239 981 3285 e
1005 3217 1253 3285 vicecomitibus.
1329 3255 1342 3275 ι.

220 3323 302 3379 Loco
321 3323 338 3388 †
358 3323 485 3378 Pramus

246 3461 249 3466 r
322 3411 393 3482 Rep.
411 3415 447 3468 ιἰι
466 3411 576 3469 Secret.
597 3413 755 3468 Brentani.
918 3485 919 3488 Ἴ
1306 3479 1309 3485 ,

1043 3495 1065 3552 Ι.
1086 3494 1254 3578 (inguouius.

397 3661 429 3722 2.
463 3654 603 3721 Iritteroe
624 3654 668 3720 od
689 3653 869 3736 Episcopos
886 3651 1071 3718 Hiberniae.
1166 3654 1168 3662 '
1303 3654 1305 3661 ’

115 3793 190 3859 Dite
190 3793 329 3860 teFilc'o
344 3793 510 3860 NostroS¹
537 3793 578 3860 R
603 3793 643 3859 Ε.
671 3791 869 3876 Presbyterio
894 3790 1066 3858 Cordinclr'
1087 3761 1356 3874 1111011111-

113 3895 794 3980 111111111111111111111111111111111
807 3895 875 3962 era
877 3893 978 3961 tribes
991 3891 1166 3961 Hiberniae
1180 3893 1357 4020 Episcopis.

111 4123 237 4191 Dilecta
251 4124 320 4190 Fili
335 4124 449 4190 Noster
462 4019 760 4192 Venerabhssatlffis
775 4017 874 4188 gellii.
854 4127 922 4188 111
936 4121 1079 4204 Apostot.
1093 4064 1357 4217 Benedictiorrerre.

218 4252 456 4320 Benevoleotiae
485 4249 564 4318 carit
566 4270 618 4330 as,
651 4269 713 4335 qua
741 4250 896 4319 Hibernos
923 4250 1189 4334 complectimur,
1196 4251 1242 4316 et
1270 4249 1360 4332 eujus

112 4375 228 4440 augere
252 4357 314 4422 rim
336 4356 443 4424 11111Ι
434 4375 501 4441 rpse
524 4359 698 4438 temporum
720 4353 890 4420 difficultas
912 4354 1046 4432 uidetur,
1073 4354 1138 4422 Nos
1161 4353 1301 4429 adducit<
1275 4353 1360 4416 ott

112 4478 217 4525 rernm
241 4462 412 4528 vestrarum
434 4479 559 4528 cursum
582 4458 735 4543 singulari
756 4476 830 4526 cura
854 4459 1043 4542 pateraeque
1065 4459 1169 4527 enimc
1182 4471 1357 4540 sonamus.

117 4601 153 4616 ι·
172 4565 217 4632 Nx
239 4586 300 4651 quo
315 4567 420 4634 tamen
438 4563 627 4650 cogitatione
643 4561 711 4645 plus
726 4560 956 4642 sollicitudinis,
980 4579 1074 4646 quam
1089 4561 1195 4631 solatii
1209 4558 1359 4643 capimus,
