3072 4888
251 236 361 308 Gonpr.
382 235 471 292 Cone.
491 236 535 292 28.
551 235 625 293 Jarr.
644 235 719 292 1882
737 237 773 290 de
791 237 932 292 emotum.
952 251 1011 306 pro
1030 232 1117 307 disp:
1127 241 1265 304 matrim,
1325 220 1384 287 141

139 408 263 474 dinslis·
281 407 374 492 hujus
396 405 496 475 almae
518 406 611 473 Urbis
632 406 765 488 Vinariir
792 407 824 470 et
854 405 934 472 simu
955 407 1085 491 rogatus
1101 403 1167 474 vluit
1188 400 1386 496 apostoliens

139 511 286 578 Nuntius
300 511 334 576 iu
357 510 519 594 peninsula
542 509 670 589 iberica,
696 511 732 576 nt
754 509 881 575 referret
903 530 942 576 an
965 513 1083 578 asserta
1101 513 1290 578 consuetudo
1305 517 1388 580 esset

139 632 250 700 reapse
272 613 639 682 universalior-eamdem
670 613 901 696 inquisitionem
925 614 993 678 lieri
1014 615 1155 682 curatum
1178 615 1238 682 fuit
1260 636 1315 701 per
1336 637 1388 688 or-

140 717 314 804 ganumS.
336 717 597 803 Congregationie
613 717 651 782 de
676 717 880 802 Propaganda
903 717 977 784 lide
1001 718 1032 784 in
1049 719 1207 784 nonnullis
1224 719 1386 790 American

140 822 257 893 cmiis.
376 857 379 860 ·
415 857 417 864 s
490 859 493 862 -
887 883 889 888 ,
1187 870 1192 882 .

209 961 213 968 ·
244 924 521 1000 ¹limiuentissimus
540 915 632 992 Urbis
656 924 799 990 Vionrius
820 924 948 1002 retulit,
977 924 1010 990 iu
1039 944 1096 990 sua
1123 924 1216 991 Curia
1246 926 1325 992 nihil
1348 927 1387 992 ab

140 1047 222 1095 aevo
248 1029 383 1094 omnimo
414 1027 527 1093 lucrari
559 1031 732 1092 executores
761 1027 1022 1111 dispensationum
1046 1048 1137 1113 super
1160 1029 1388 1116 impedimentis

140 1132 343 1199 matrimonii.
384 1130 542 1197 Ollicieles
566 1150 635 1196 vero
658 1131 934 1214 aliquid-muneris
957 1131 1006 1196 vel
1028 1132 1159 1216 praemii
1180 1151 1302 1216 semper
1318 1152 1388 1216 per·

140 1238 292 1319 ceperunt
311 1236 345 1300 et
365 1235 555 1318 percipiunt:
591 1235 643 1300 sed
679 1235 759 1300 ratio
790 1237 822 1300 et
856 1235 968 1300 titulus
994 1233 1087 1319 hujus
1112 1235 1317 1319 perceptionis
1341 1238 1389 1301 est
1531 1293 1532 1318 p

55 1327 58 1336 ’
88 1387 91 1396 .
139 1340 233 1405 labor
254 1339 412 1422 impensus
435 1339 467 1403 in
490 1338 676 1405 conficiendo
699 1357 859 1422 processu,
888 1339 920 1402 in
943 1339 1081 1404 testibus
1099 1330 1328 1419 clamitantis,
1356 1340 1387 1406 iu
1509 1325 1532 1388 Ὗ

140 1443 299 1508 exarando
322 1443 446 1511 decreto
469 1443 676 1509 enecatoriali.
729 1442 836 1525 Quoad
869 1443 1051 1526 Hispaniam
1084 1443 1155 1509 nero
1188 1443 1251 1509 iere
1284 1462 1388 1510 omnes
1531 1423 1532 1456 ³

138 1547 232 1612 illins
262 1546 351 1631 regni
381 1547 543 1612 Praesules
576 1546 717 1612 unanimi
745 1546 837 1612 choro
861 1535 1331 1632 assernerunt*consuetudinem
1356 1546 1388 1611 in

139 1651 286 1718 themate
309 1650 513 1716 universalem
537 1651 568 1716 et
589 1641 866 1726 immemorabilem
890 1669 974 1728 esse,
999 1652 1026 1714 si
1050 1651 1127 1717 illud
1151 1651 1285 1734 excipias
1307 1650 1388 1734 quod

141 1754 259 1820 Curiae
285 1754 477 1837 llpiscopales
500 1755 754 1820 discriminantur
775 1755 805 1820 in
828 1749 972 1820 tanarum
994 1754 1122 1834 calculo,
1147 1757 1179 1820 et
1201 1755 1232 1818 in
1253 1754 1389 1838 personis

141 1878 227 1942 quae
254 1877 306 1924 eas
330 1858 521 1942 percipiunt:
555 1858 711 1942 aliquibus
747 1859 827 1923 enim
859 1858 934 1924 locis
965 1858 1058 1924 etiam
1083 1859 1199 1926 Vionrii
1223 1857 1390 1932 Generales

144 1981 255 2036 eorum
278 1962 445 2045 participes
466 1961 555 2039 fiunt,
579 1961 653 2026 dum
674 1961 704 2028 in
730 1961 800 2028 aliis
822 1962 1036 2028 excluduntur.

254 2065 343 2130 Alius
357 2084 359 2087 ’
375 2068 484 2132 contra
517 2085 582 2130 mos
599 2065 720 2150 uigere
750 2065 937 2148 comperitur
963 2064 995 2130 iu
1016 2065 1179 2131 Americae
1202 2065 1388 2148 regionibus,

146 2169 253 2252 pronti
286 2186 321 2233 en
348 2168 463 2234 litteris
492 2169 575 2234 datis
605 2169 635 2236 S.
659 2168 691 2238 G.
717 2168 750 2236 G.
771 2189 825 2252 per
848 2189 997 2252 organum
1021 2169 1051 2237 S.
1075 2169 1107 2236 d.
1133 2169 1170 2234 de
1193 2169 1391 2252 propaganda
1465 2195 1466 2198 ¹

146 2273 227 2337 Fide
249 2274 344 2356 patet.
391 2273 472 2338 Inibi
492 2273 574 2338 enim
597 2271 708 2339 Curiae
732 2273 927 2356 ldpiscopnles
950 2274 998 2338 vel
1021 2273 1099 2338 nihil
1122 2273 1272 2351 omnimo,
1295 2271 1344 2336 vel
1364 2271 1391 2336 si
1451 2299 1452 2303 ¹
1531 2255 1532 2272 ἶ

16 2388 19 2394 ·
145 2375 223 2460 qnid
248 2374 445 2459 percipiunt„
463 2367 495 2444 id
519 2395 588 2444 raro
610 2377 693 2450 cedit
715 2376 818 2442 lavore
842 2377 953 2444 Curiae
975 2375 1176 2455 Concedent,
1205 2376 1259 2440 sed
1281 2375 1328 2440 rel
1350 2373 1390 2440 ad

146 2493 297 2562 expensas
320 2479 529 2554 Onneellariae
551 2481 730 2560 solvendas,
766 2481 822 2558 vel¹
844 2482 1006 2564 tamquam
1036 2479 1229 2566 eleemosyna
1252 2481 1282 2544 in
1306 2479 1391 2562 pium

146 2599 225 2666 opus
243 2582 442 2666 impenditur.
1304 2665 1308 2675 ¹

254 2685 349 2752 Hisce
379 2686 484 2774 itaque
515 2686 698 2770 praejactis,
731 2687 924 2753 enodandum
956 2689 1147 2772 propositum
1176 2686 1236 2752 fuit
1262 2705 1391 2770 sequeus

146 2789 300 2855 dubium:

210 2870 212 2886 ’
254 2894 279 2960 Ι.
315 2893 365 2958 An
385 2895 417 2958 et
439 2894 590 2982 quomodo
613 2895 738 2960 tolerari
759 2895 856 2979 possit
877 2889 1118 2962 consuetudo'in
1136 2895 1235 2961 casu?
1258 2893 1300 2958 lit
1315 2912 1392 2977 qua-

146 2999 247 3062 tenus
264 2997 418 3081 negative.
783 3061 786 3066 .

178 3107 188 3120 ‘
233 3101 295 3170 „IL
329 3101 378 3165 An
401 3104 433 3166 et
455 3101 605 3184 quomodo
629 3102 849 3168 consulendum
871 3090 904 3168 iu
927 3105 1024 3169 casu?
1121 3134 1124 3138 ·

181 3217 184 3222 '
256 3203 427 3270 Resolutio.
449 3239 493 3252 -
513 3203 608 3271 Sacra
630 3205 662 3272 d.
685 3205 718 3272 C.
741 3225 774 3271 re
796 3207 922 3291 cognita
942 3206 1001 3271 sub
1026 3206 1075 3272 die
1098 3209 1150 3273 28.
1164 3187 1391 3272 ianuari1882

149 3308 273 3374 sensuit
294 3307 495 3392 respondere:
1008 3309 1012 3314 '
1055 3363 1058 3367 .

256 3411 306 3476 Ad
332 3412 354 3479 l.
383 3413 494 3494 Quoad
513 3419 687 3480 executores
708 3415 847 3496 carpatiae
867 3414 904 3480 im
925 3413 1076 3480 omnibns.

256 3513 305 3580 Ad
326 3515 369 3582 Il.
407 3515 640 3583 Consule-ndum
676 3517 882 3584 Senecionem
918 3499 994 3600 pro⁸
1011 3519 1175 3584 ssnrrctione
1211 3517 1247 3582 in
1284 3516 1393 3581 radice

149 3619 420 3700 dispensationum
439 3626 468 3686 ei
490 3623 763 3708 matrimoniorum
788 3643 868 3704 paee
889 3622 1047 3687 nullitatis
1072 3623 1147 3686 uitio
1175 3621 1338 3698 laborant,
1366 3625 1394 3688 ei

145 3743 208 3805 pro
230 3723 421 3790 absolutione
443 3723 486 3791 cd
508 3726 660 3791 coniciam
680 3731 710 3791 ei
732 3725 955 3792 condonatione
974 3725 1077 3808 proed
1099 3729 1283 3790 executores.

148 3899 182 3964 4.
214 3896 354 3961 Litterae
375 3917 408 3972 s„
424 3895 536 3981 Conpr.
559 3899 598 3964 de
616 3898 710 3980 Prop.
734 3899 816 3964 Fide
835 3897 866 3964 d.
878 3898 908 3963 d.
933 3903 988 3964 20.
1006 3897 1072 3964 Oct.
1093 3899 1179 3962 1882
1200 3896 1312 3977 quibas
1333 3894 1394 3960 sibi

149 3999 301 4081 subjectos
334 3997 508 4082 Episcopos
539 4007 592 4067 cic.
623 4009 773 4084 provocat
803 4002 847 4066 ad
880 4001 1091 4083 conquirendo
1122 3999 1323 4076 documento,
1350 3998 1393 4062 nd

260 4153 268 4162 .
352 4103 521 4184 ampliores
543 4103 581 4169 de
602 4105 715 4187 ipnods
734 4105 861 4188 populis
882 4107 1012 4170 notitias
1032 4103 1194 4184 facientia.

412 4223 504 4288 lllma
527 4225 698 4290 ac'Rssrne
723 4225 870 4292 Dominet
958 4313 959 4316 Ἴ
1338 4313 1340 4316 ¹

158 4411 165 4419 ,
257 4343 406 4424 Quamvis
435 4339 503 4410 boc
520 4345 649 4410 Sacrum
680 4345 851 4411 Consilium
881 4345 929 4410 rel
960 4365 979 4409 a
1005 4345 1070 4412 suis
1100 4341 1231 4410 exordiis
1252 4343 1291 4408 ad
1312 4361 1397 4407 asse·
1440 4327 1441 4334 ἵ

149 4447 308 4532 quendum
332 4449 522 4531 propositum
545 4450 605 4514 sibi
631 4450 724 4514 finem
748 4448 919 4513 Christiani
941 4447 1060 4514 scilicet
1083 4447 1225 4514 Nominis
1248 4465 1302 4528 per
1326 4444 1393 4507 uni·
1427 4453 1434 4464 ’
1489 4497 1490 4502 ,
1531 4447 1532 4452 ’

151 4569 275 4618 remum
297 4552 402 4616 orbem
425 4553 614 4638 propagandi
645 4551 769 4617 assidue
797 4552 1006 4617 sollicitudine
1034 4549 1281 4627 adlaboraverit,
1310 4545 1394 4612 haud
