3072 4888
311 267 427 364 'Ocnos
448 269 507 324 liic.
527 271 573 326 23.
591 271 686 326 Mart.
705 272 777 328 1881
800 273 837 326 de
853 274 946 343 imop.
967 276 1026 328 cot.
1044 274 1199 328 innectes.
1313 256 1376 321 139

241 440 334 506 Sacra
364 459 453 524 porro
479 440 587 506 eadem
611 425 834 526 Congregata
866 441 974 507 audita
1003 443 1159 508 sententia
1189 443 1221 508 in
1251 444 1376 527 scriptis

129 545 265 609 alterius
287 544 441 628 exipsius
463 544 703 625 consultoribus,
735 552 773 610 re
798 547 917 611 mature
948 565 1112 628 perpensa,
1142 546 1186 612 slc
1208 547 1376 616 rescribere

130 650 207 717 rata
220 651 286 714 est.
317 661 320 668 ’
1323 665 1326 676 ’

240 751 299 816 Ad.
323 753 347 816 Ι.
379 753 589 835 Affirmaiioa
1270 825 1272 832 ,

239 855 289 920 Ad
313 856 358 922 ll.·
385 857 441 922 Ad
459 863 597 922 menum.
635 857 738 926 Mens
764 863 808 921 est
833 863 869 921 ut
891 855 1053 928 Porootus
1079 858 1147 938 ipse
1168 857 1293 922 ermceat
1311 877 1374 940 po·

125 960 244 1041 pulum
266 960 304 1026 cie
326 961 501 1026 indecentia
524 963 681 1041 expositae
703 961 946 1038 cmmnnudinia
973 981 1089 1026 morem
1109 961 1304 1028 araneorum
1323 981 1386 1026 re-.

130 1064 277 1146 donatis,
290 1065 449 1145 'omnique
466 1064 571 1130 studio
594 1064 777 1128 adhortetur
796 1064 913 1145 fidelos,
937 1070 971 1130 ut
993 1064 1129 1145 sapienti
1142 1064 1375 1146 amplitudinis

130 1168 222 1233 Tuae
244 1168 392 1247 mandato
415 1167 523 1234 libenti
545 1169 650 1234 anicio
672 1167 906 1250 rctipiosissime
923 1173 1070 1248 pareant.

202 1299 204 1302 ·
239 1271 319 1334 Dum
351 1271 561 1336 assemanus
588 1290 612 1336 s.
645 1270 903 1354 congregationis
932 1270 1150 1336 resolutionem
1179 1289 1215 1336 aa
1238 1272 1374 1336 mentem

130 1373 340 1464 amplitudini
357 1373 441 1438 Tuae
457 1373 606 1458 significo,
627 1372 766 1457 praefato
780 1374 919 1446 Perooho
935 1374 1113 1440 authentice
1125 1373 1376 1458 significandam,
1439 1398 1445 1404 ·
1533 1347 1534 1356 ἵ

130 1479 169 1542 ut
193 1478 260 1560 ipsa
284 1477 335 1542 diu
358 1477 432 1542 felir
455 1479 487 1542 et
508 1478 669 1542 incolumis
689 1477 774 1542 vivat
796 1496 832 1542 er
854 1477 958 1543 animo
977 1477 1123 1560 adprecor

341 1585 566 1672 Amplitudinis
588 1589 673 1654 ruas
915 1581 917 1584 ’

239 1701 354 1765 Rornae
374 1701 424 1765 die
447 1702 498 1768 23.
523 1701 628 1766 Martii
655 1701 753 1766 1881.

542 1813 594 1878 Uti
617 1813 712 1878 irater
736 1812 968 1878 addictissimus
1204 1883 1210 1893 ,

419 1917 457 1980 D.
481 1915 571 1983 Oard.
596 1917 799 1982 Bortolinins
821 1915 851 1982 S.
876 1917 912 1982 R.
936 1915 968 1985 O.
992 1917 1093 1982 Praei.

467 2024 472 2032 '
620 2021 775 2118 Recidns
797 2019 890 2086 Rulli
912 2019 942 2086 S.
966 2021 1004 2086 R.
1031 2019 1064 2086 O.
1088 2018 1286 2114 Secretarius.

236 2139 393 2196 Perillustri
412 2117 439 2194 et
458 2139 527 2194 limo
546 2140 661 2195 Domino
679 2141 721 2194 uti
739 2139 839 2196 Fratri·
915 2206 920 2216 s

352 2225 559 2294 urchiepiscopo
579 2226 718 2296 Theatino*

271 2311 495 2366 Administratori
514 2312 671 2367 Dioeceseos
689 2312 800 2368 Vastan.

130 2491 163 2552 3.
203 2485 330 2552 Deoisio
359 2486 392 2553 8.
420 2485 452 2554 0.
485 2485 621 2552 Oonciiii
648 2507 833 2554 concernens
863 2488 1067 2555 emolumenta
1092 2507 1170 2569 quoe
1193 2486 1374 2568 percipiunt

128 2591 285 2671 quamam
313 2591 420 2656 curiae
441 2590 629 2671 episcopales
643 2611 714 2680 ⁸pro
736 2593 911 2656 executione
932 2591 1200 2672 dispensationum
1219 2589 1372 2670 apostoti-

252 2712 361 2758 carum
382 2694 417 2756 in
439 2694 545 2761 causis
567 2694 853 2760 matrimonialibus
874 2693 905 2760 d.
919 2694 949 2760 d.
970 2698 1025 2760 28.
1051 2691 1131 2760 Jon.
1157 2696 1255 2759 1882.

236 2829 340 2894 Mense
368 2829 503 2915 Augusti
524 2830 596 2895 anni
613 2831 703 2896 -1880
721 2831 892 2896 aderitum
910 2833 1065 2914 vergente,
1086 2828 1372 2896 Reverendissimus

130 2917 333 2998 Granatensis
364 2933 535 3017 Episcopus
568 2953 698 3016 sequens
729 2935 919 3018 postulatum
950 2934 981 3000 S.
1006 2933 1039 2998 C.
1064 2932 1096 3000 O.
1127 2933 1278 3016 porrexit:
1302 2934 1372 2998 sIn

131 3037 253 3102 cunctis
270 3035 570 3120 dispensationibus,
585 3025 680 3120 cuae
708 3039 746 3102 ab
771 3038 950 3121 Apostolica
972 3037 1044 3102 sede
1067 3056 1159 3121 super
1180 3036 1371 3102 matrimonii

127 3140 362 3223 impedimentis
385 3140 603 3219 conceduntur,
626 3140 783 3207 Sanctitas
807 3141 869 3206 Sua
892 3141 1026 3208 Olflciali
1049 3141 1192 3224 Episcopi
1209 3141 1284 3206 haec
1300 3159 1373 3225 gra·

127 3244 209 3310 viter
231 3245 386 3328 imponere
410 3245 503 3310 solet:
531 3231 717 3310 Discretioni
733 3250 825 3310 tuae.
841 3297 847 3308 .
864 3296 870 3310 .
887 3263 941 3329 per
957 3247 1132 3328 praesentes
1147 3244 1372 3310 committimus

99 3375 103 3385 ·
127 3349 161 3414 et
183 3347 384 3426 mandamus,
415 3350 566 3432 quatenus
592 3348 731 3432 deposita
756 3368 811 3431 per
832 3349 865 3413 te
888 3349 971 3414 omni
995 3367 1048 3432 spe
1072 3349 1291 3432 cujuscumque
1314 3367 1372 3410 nu-

126 3451 223 3517 meris
244 3455 299 3518 aut
321 3452 465 3535 praemii,
500 3453 595 3517 etiam
618 3454 726 3534 sponte
748 3453 861 3532 oblati,
893 3471 911 3516 a
933 3456 1046 3536 que-te
1067 3437 1190 3518 omnino
1215 3451 1383 3518 abstinere
1408 3451 1411 3456 ’

127 3557 231 3634 debes,
255 3573 413 3621 monemus
430 3607 435 3620 .
455 3606 461 3618 .
482 3609 488 3622 .
512 3555 550 3621 de
574 3556 752 3638 praemissis
778 3558 811 3622 te
838 3555 1009 3640 diligenter
1028 3555 1173 3620 informes
1192 3607 1198 3622 .
1217 3605 1223 3618 .
1244 3607 1250 3622 .
1269 3555 1371 3619 ‘Volu-

126 3678 197 3724 mus
220 3661 329 3724 autem‘
347 3659 426 3742 quod
450 3660 476 3724 si
501 3662 605 3742 spreta
628 3660 794 3725 monitione
817 3661 923 3726 nostra
948 3659 1142 3743 hujusmodi,
1166 3658 1286 3742 aliquid
1309 3679 1369 3724 nu-

127 3763 221 3828 meris
254 3763 313 3826 aut
342 3763 471 3846 praemii
506 3762 663 3828 occasione
697 3763 933 3846 dispensationis
962 3762 1140 3846 praedictae
1172 3762 1293 3855 erigere
1315 3765 1372 3826 aut

127 3867 267 3932 oblatum
291 3867 424 3949 recipere
447 3853 702 3950 praesumpseris,
728 3866 1074 3952 excommunicationem
1097 3867 1179 3932 latae
1198 3867 1370 3932 sententiae

126 3972 267 4035 incurras
283 4021 289 4037 .
308 4019 341 4035 ..
365 3971 451 4036 Haec
474 3989 543 4035 vero
567 3972 840 4038 excommunicatio
864 3973 911 4038 est
934 3969 1060 4036 Summo
1094 3970 1237 4035 Pontifici
1267 3989 1367 4036 reser-

126 4077 200 4139 vata
220 4073 253 4136 in
276 4073 559 4157 dispensationibus
578 4075 610 4139 in
627 4075 730 4140 torma
746 4095 912 4158 pauperum
929 4073 1089 4157 expeditis,
1113 4075 1145 4138 et
1169 4073 1371 4141 nihilominus
1461 4155 1464 4160 ¹

127 4178 317 4262 dispensatio
340 4180 415 4243 tunc
438 4198 491 4262 per
512 4177 675 4244 officialem
699 4178 840 4244 facienda
863 4180 977 4244 nullius
996 4177 1173 4243 declaratur
1189 4180 1305 4244 roboris
1321 4181 1370 4249 rel

127 4280 277 4348 nomenti.
386 4295 388 4302 ’
966 4341 968 4350 ,

235 4384 403 4466 sQuamvis
422 4385 497 4450 adeo
520 4386 605 4452 clare
627 4386 704 4450 haec
727 4387 873 4468 appareat
893 4383 1099 4468 prohibitione
1122 4383 1264 4454 officialis
1279 4386 1369 4469 quid-

128 4507 223 4573 quam
247 4487 382 4553 numeris
407 4489 454 4583 vel
478 4490 605 4572 praemii
629 4489 723 4554 etiam
746 4492 854 4570 sponte
877 4489 993 4567 oblati,
1024 4508 1077 4572 pre
1108 4489 1370 4574 dispensationum

130 4591 377 4684 apostolicarum
402 4593 577 4667 executione
598 4594 728 4688 erigere,
753 4610 808 4660 nec
830 4593 926 4666 etiam
950 4593 1086 4686 accipere
1102 4595 1207 4684 possit,
1231 4591 1370 4682 illudque
