<?xml version="1.0" encoding="UTF-8"?>
<!DOCTYPE html PUBLIC "-//W3C//DTD XHTML 1.0 Transitional//EN"
    "http://www.w3.org/TR/xhtml1/DTD/xhtml1-transitional.dtd">
<html xmlns="http://www.w3.org/1999/xhtml" xml:lang="en" lang="en">
 <head>
  <title>
</title>
<meta http-equiv="Content-Type" content="text/html;charset=utf-8" />
  <meta name='ocr-system' content='tesseract 3.04.00' />
  <meta name='ocr-capabilities' content='ocr_page ocr_carea ocr_par ocr_line ocrx_word'/>
</head>
<body>
  <div class='ocr_page' id='page_1' title='image "./archivfrkatholi00unkngoog/archivfrkatholi00unkngoog_0142.png"; bbox 0 0 3072 4888; ppageno 0'>
   <div class='ocr_carea' id='block_1_1' title="bbox 298 719 1310 957">
    <p class='ocr_par' dir='ltr' id='par_1_1' title="bbox 298 719 1310 957">
     <span class='ocr_line' id='line_1_1' title="bbox 739 719 801 799; baseline 0.016 -1"><span class='ocrx_word' id='word_1_1' title='bbox 739 719 801 799; x_wconf 89' lang='lat' dir='ltr'>llll.</span> 
     </span>
     <span class='ocr_line' id='line_1_2' title="bbox 298 816 1310 957; baseline -0.003 -22"><span class='ocrx_word' id='word_1_2' title='bbox 298 855 595 957; x_wconf 76' lang='lat' dir='ltr'>[oleobeidnnoen</span> <span class='ocrx_word' id='word_1_3' title='bbox 624 857 686 937; x_wconf 89' lang='lat' dir='ltr'>der</span> <span class='ocrx_word' id='word_1_4' title='bbox 714 819 910 936; x_wconf 85' lang='lat' dir='ltr'>rtmisoten</span> <span class='ocrx_word' id='word_1_5' title='bbox 938 853 1245 954; x_wconf 65' lang='lat' dir='ltr'>commeationem</span> <span class='ocrx_word' id='word_1_6' title='bbox 1307 816 1310 822; x_wconf 26' lang='lat'>¹</span> 
     </span>
    </p>
   </div>
   <div class='ocr_carea' id='block_1_2' title="bbox 135 991 1525 1104">
    <p class='ocr_par' dir='ltr' id='par_1_2' title="bbox 135 991 1525 1104">
     <span class='ocr_line' id='line_1_3' title="bbox 135 991 1525 1104; baseline 0.001 -20"><span class='ocrx_word' id='word_1_7' title='bbox 135 1018 176 1085; x_wconf 81' lang='lat'>&#39;1.</span> <span class='ocrx_word' id='word_1_8' title='bbox 201 1013 295 1085; x_wconf 73' lang='lat' dir='ltr'>Dece.</span> <span class='ocrx_word' id='word_1_9' title='bbox 318 1042 344 1086; x_wconf 85' lang='lat' dir='ltr'>s.</span> <span class='ocrx_word' id='word_1_10' title='bbox 362 991 552 1104; x_wconf 27' lang='lat' dir='ltr'>&#39;Conprepot</span> <span class='ocrx_word' id='word_1_11' title='bbox 570 1021 717 1103; x_wconf 77' lang='lat' dir='ltr'>Episcopo.</span> <span class='ocrx_word' id='word_1_12' title='bbox 738 1026 767 1084; x_wconf 85' lang='lat' dir='ltr'>et</span> <span class='ocrx_word' id='word_1_13' title='bbox 788 1019 898 1104; x_wconf 67' lang='lat' dir='ltr'>Regini.</span> <span class='ocrx_word' id='word_1_14' title='bbox 914 1019 945 1084; x_wconf 86' lang='lat' dir='ltr'>d.</span> <span class='ocrx_word' id='word_1_15' title='bbox 963 1023 1013 1084; x_wconf 84' lang='lat'>30.</span> <span class='ocrx_word' id='word_1_16' title='bbox 1030 1018 1115 1084; x_wconf 78' lang='lat' dir='ltr'>Jolti</span> <span class='ocrx_word' id='word_1_17' title='bbox 1131 1023 1217 1084; x_wconf 85' lang='grc'><em>1881</em></span> <span class='ocrx_word' id='word_1_18' title='bbox 1239 1015 1277 1084; x_wconf 81' lang='lat' dir='ltr'>de</span> <span class='ocrx_word' id='word_1_19' title='bbox 1296 1039 1387 1102; x_wconf 84' lang='lat' dir='ltr'>repu-</span> <span class='ocrx_word' id='word_1_20' title='bbox 1524 1057 1525 1086; x_wconf 58' lang='lat' dir='ltr'>n</span> 
     </span>
    </p>
   </div>
   <div class='ocr_carea' id='block_1_3' title="bbox 270 1108 1264 1208">
    <p class='ocr_par' dir='ltr' id='par_1_3' title="bbox 270 1108 1264 1208">
     <span class='ocr_line' id='line_1_4' title="bbox 270 1108 1264 1208; baseline 0.001 -20"><span class='ocrx_word' id='word_1_21' title='bbox 270 1124 395 1190; x_wconf 80' lang='lat' dir='ltr'>loribus</span> <span class='ocrx_word' id='word_1_22' title='bbox 417 1124 671 1208; x_wconf 82' lang='lat' dir='ltr'>Frdneopolliaie</span> <span class='ocrx_word' id='word_1_23' title='bbox 693 1123 834 1206; x_wconf 75' lang='lat' dir='ltr'>expulsis</span> <span class='ocrx_word' id='word_1_24' title='bbox 855 1143 912 1188; x_wconf 85' lang='lat' dir='ltr'>nec</span> <span class='ocrx_word' id='word_1_25' title='bbox 932 1143 995 1188; x_wconf 86' lang='lat' dir='ltr'>non</span> <span class='ocrx_word' id='word_1_26' title='bbox 1016 1108 1264 1189; x_wconf 70' lang='lat' dir='ltr'>samalamsntie.</span> 
     </span>
    </p>
   </div>
   <div class='ocr_carea' id='block_1_4' title="bbox 250 1228 1387 1336">
    <p class='ocr_par' dir='ltr' id='par_1_4' title="bbox 250 1228 1387 1336">
     <span class='ocr_line' id='line_1_5' title="bbox 250 1228 1387 1336; baseline -0.001 -20"><span class='ocrx_word' id='word_1_27' title='bbox 250 1251 329 1316; x_wconf 78' lang='lat' dir='ltr'>Cum</span> <span class='ocrx_word' id='word_1_28' title='bbox 351 1253 524 1336; x_wconf 84' lang='lat' dir='ltr'>Regulares</span> <span class='ocrx_word' id='word_1_29' title='bbox 546 1251 678 1316; x_wconf 86' lang='lat' dir='ltr'>Ordines</span> <span class='ocrx_word' id='word_1_30' title='bbox 702 1270 737 1316; x_wconf 88' lang='lat' dir='ltr'>ae</span> <span class='ocrx_word' id='word_1_31' title='bbox 758 1251 810 1334; x_wconf 91' lang='lat' dir='ltr'>pia</span> <span class='ocrx_word' id='word_1_32' title='bbox 836 1250 988 1315; x_wconf 87' lang='lat' dir='ltr'>Instituta</span> <span class='ocrx_word' id='word_1_33' title='bbox 1009 1228 1171 1333; x_wconf 78' lang='lat' dir='ltr'>tantopere</span> <span class='ocrx_word' id='word_1_34' title='bbox 1196 1251 1237 1314; x_wconf 90' lang='lat' dir='ltr'>de</span> <span class='ocrx_word' id='word_1_35' title='bbox 1256 1269 1288 1316; x_wconf 90' lang='lat' dir='ltr'>re</span> <span class='ocrx_word' id='word_1_36' title='bbox 1304 1250 1387 1316; x_wconf 87' lang='lat' dir='ltr'>chri·</span> 
     </span>
    </p>
   </div>
   <div class='ocr_carea' id='block_1_5' title="bbox 141 1352 1388 2578">
    <p class='ocr_par' dir='ltr' id='par_1_5' title="bbox 141 1352 1388 2578">
     <span class='ocr_line' id='line_1_6' title="bbox 142 1352 1385 1434; baseline -0.002 -14"><span class='ocrx_word' id='word_1_37' title='bbox 142 1355 250 1420; x_wconf 88' lang='lat' dir='ltr'>stiana</span> <span class='ocrx_word' id='word_1_38' title='bbox 273 1354 416 1420; x_wconf 88' lang='lat' dir='ltr'>ac&#39;oivili</span> <span class='ocrx_word' id='word_1_39' title='bbox 438 1355 593 1421; x_wconf 86' lang='lat' dir='ltr'>Societate</span> <span class='ocrx_word' id='word_1_40' title='bbox 615 1355 821 1433; x_wconf 87' lang='lat' dir='ltr'>benemerita,</span> <span class='ocrx_word' id='word_1_41' title='bbox 859 1355 954 1419; x_wconf 88' lang='lat' dir='ltr'>etiam</span> <span class='ocrx_word' id='word_1_42' title='bbox 987 1353 1021 1418; x_wconf 92' lang='lat' dir='ltr'>in</span> <span class='ocrx_word' id='word_1_43' title='bbox 1054 1353 1159 1420; x_wconf 81' lang='lat' dir='ltr'>Gallia</span> <span class='ocrx_word' id='word_1_44' title='bbox 1186 1354 1268 1419; x_wconf 88' lang='lat' dir='ltr'>haud</span> <span class='ocrx_word' id='word_1_45' title='bbox 1295 1352 1385 1434; x_wconf 83' lang='lat' dir='ltr'>lenia,</span> 
     </span>
     <span class='ocr_line' id='line_1_7' title="bbox 141 1457 1388 1542; baseline -0.001 -19"><span class='ocrx_word' id='word_1_46' title='bbox 141 1459 298 1524; x_wconf 87' lang='lat' dir='ltr'>luctuosis</span> <span class='ocrx_word' id='word_1_47' title='bbox 320 1459 404 1524; x_wconf 89' lang='lat' dir='ltr'>bisce</span> <span class='ocrx_word' id='word_1_48' title='bbox 427 1459 635 1542; x_wconf 78' lang='lat' dir='ltr'>temporibus,</span> <span class='ocrx_word' id='word_1_49' title='bbox 667 1477 758 1541; x_wconf 88' lang='lat' dir='ltr'>passa</span> <span class='ocrx_word' id='word_1_50' title='bbox 791 1458 907 1522; x_wconf 87' lang='lat' dir='ltr'>suerint</span> <span class='ocrx_word' id='word_1_51' title='bbox 930 1457 1131 1537; x_wconf 87' lang='lat' dir='ltr'>detrimenta,</span> <span class='ocrx_word' id='word_1_52' title='bbox 1160 1470 1183 1522; x_wconf 83' lang='lat' dir='ltr'>a.</span> <span class='ocrx_word' id='word_1_53' title='bbox 1208 1457 1284 1522; x_wconf 90' lang='lat' dir='ltr'>haec</span> <span class='ocrx_word' id='word_1_54' title='bbox 1308 1457 1388 1522; x_wconf 78' lang='lat' dir='ltr'>Con·</span> 
     </span>
     <span class='ocr_line' id='line_1_8' title="bbox 143 1561 1386 1647; baseline -0.002 -21"><span class='ocrx_word' id='word_1_55' title='bbox 143 1562 288 1647; x_wconf 80' lang='lat' dir='ltr'>gregatis</span> <span class='ocrx_word' id='word_1_56' title='bbox 319 1562 465 1646; x_wconf 85' lang='lat' dir='ltr'>Negotiis</span> <span class='ocrx_word' id='word_1_57' title='bbox 499 1564 531 1628; x_wconf 90' lang='lat' dir='ltr'>et</span> <span class='ocrx_word' id='word_1_58' title='bbox 566 1562 851 1628; x_wconf 77' lang='lat' dir='ltr'><strong>consultationibus</strong></span> <span class='ocrx_word' id='word_1_59' title='bbox 880 1562 1099 1646; x_wconf 83' lang='lat' dir='ltr'>Episcoporum</span> <span class='ocrx_word' id='word_1_60' title='bbox 1129 1562 1161 1626; x_wconf 91' lang='lat' dir='ltr'>et</span> <span class='ocrx_word' id='word_1_61' title='bbox 1184 1561 1386 1645; x_wconf 83' lang='lat' dir='ltr'>Regularinm</span> 
     </span>
     <span class='ocr_line' id='line_1_9' title="bbox 142 1665 1388 1750; baseline -0.002 -20"><span class='ocrx_word' id='word_1_62' title='bbox 142 1666 333 1750; x_wconf 89' lang='lat' dir='ltr'>praeposita,</span> <span class='ocrx_word' id='word_1_63' title='bbox 357 1666 394 1732; x_wconf 91' lang='lat' dir='ltr'>de</span> <span class='ocrx_word' id='word_1_64' title='bbox 414 1685 554 1750; x_wconf 85' lang='lat' dir='ltr'>expressa</span> <span class='ocrx_word' id='word_1_65' title='bbox 579 1665 757 1748; x_wconf 85' lang='lat' dir='ltr'>Apostolioa</span> <span class='ocrx_word' id='word_1_66' title='bbox 780 1665 993 1744; x_wconf 82' lang='lat' dir='ltr'>Auctoritate,</span> <span class='ocrx_word' id='word_1_67' title='bbox 1023 1665 1203 1730; x_wconf 87' lang='lat' dir='ltr'>necessariis</span> <span class='ocrx_word' id='word_1_68' title='bbox 1226 1667 1258 1729; x_wconf 92' lang='lat' dir='ltr'>et</span> <span class='ocrx_word' id='word_1_69' title='bbox 1279 1683 1388 1748; x_wconf 90' lang='lat' dir='ltr'>oppor-</span> 
     </span>
     <span class='ocr_line' id='line_1_10' title="bbox 143 1767 1387 1862; baseline -0.003 -27"><span class='ocrx_word' id='word_1_70' title='bbox 143 1769 231 1835; x_wconf 90' lang='lat' dir='ltr'>tunis</span> <span class='ocrx_word' id='word_1_71' title='bbox 252 1768 510 1862; x_wconf 84' lang='lat' dir='ltr'>instructionibus</span> <span class='ocrx_word' id='word_1_72' title='bbox 544 1769 717 1846; x_wconf 46' lang='lat' dir='ltr'>Generales„</span> <span class='ocrx_word' id='word_1_73' title='bbox 745 1769 871 1834; x_wconf 89' lang='lat' dir='ltr'>illorum</span> <span class='ocrx_word' id='word_1_74' title='bbox 905 1767 1116 1840; x_wconf 85' lang='lat' dir='ltr'>Moderatores</span> <span class='ocrx_word' id='word_1_75' title='bbox 1150 1768 1270 1832; x_wconf 91' lang='lat' dir='ltr'>munire</span> <span class='ocrx_word' id='word_1_76' title='bbox 1303 1767 1387 1832; x_wconf 90' lang='lat' dir='ltr'>haud</span> 
     </span>
     <span class='ocr_line' id='line_1_11' title="bbox 143 1870 1387 1957; baseline 0 -21"><span class='ocrx_word' id='word_1_77' title='bbox 143 1873 365 1956; x_wconf 77' lang='lat' dir='ltr'><strong>praetermisit.</strong></span> <span class='ocrx_word' id='word_1_78' title='bbox 411 1873 535 1938; x_wconf 78' lang='lat' dir='ltr'>Etenim</span> <span class='ocrx_word' id='word_1_79' title='bbox 569 1873 607 1938; x_wconf 88' lang='lat' dir='ltr'>ad</span> <span class='ocrx_word' id='word_1_80' title='bbox 642 1873 814 1957; x_wconf 83' lang='lat' dir='ltr'>Religiosos</span> <span class='ocrx_word' id='word_1_81' title='bbox 849 1872 987 1956; x_wconf 87' lang='lat' dir='ltr'>ejusdem</span> <span class='ocrx_word' id='word_1_82' title='bbox 1023 1872 1141 1956; x_wconf 83' lang='lat' dir='ltr'>Regni,</span> <span class='ocrx_word' id='word_1_83' title='bbox 1176 1871 1207 1938; x_wconf 85' lang='lat' dir='ltr'>ni</span> <span class='ocrx_word' id='word_1_84' title='bbox 1238 1870 1387 1956; x_wconf 82' lang='lat' dir='ltr'>majoris</span> 
     </span>
     <span class='ocr_line' id='line_1_12' title="bbox 144 1973 1387 2065; baseline -0.001 -26"><span class='ocrx_word' id='word_1_85' title='bbox 144 1976 436 2060; x_wconf 87' lang='lat' dir='ltr'>claustrisejectos,</span> <span class='ocrx_word' id='word_1_86' title='bbox 460 1977 541 2060; x_wconf 91' lang='lat' dir='ltr'>quod</span> <span class='ocrx_word' id='word_1_87' title='bbox 562 1977 628 2060; x_wconf 89' lang='lat' dir='ltr'>jam</span> <span class='ocrx_word' id='word_1_88' title='bbox 652 1995 675 2043; x_wconf 88' lang='lat' dir='ltr'>s.</span> <span class='ocrx_word' id='word_1_89' title='bbox 701 1975 942 2058; x_wconf 79' lang='lat' dir='ltr'>Paenitentiaria</span> <span class='ocrx_word' id='word_1_90' title='bbox 965 1995 1020 2065; x_wconf 84' lang='lat' dir='ltr'>pro</span> <span class='ocrx_word' id='word_1_91' title='bbox 1043 1973 1252 2060; x_wconf 86' lang='lat' dir='ltr'>Regularibus</span> <span class='ocrx_word' id='word_1_92' title='bbox 1276 1974 1387 2040; x_wconf 89' lang='lat' dir='ltr'>ltaliae</span> 
     </span>
     <span class='ocr_line' id='line_1_13' title="bbox 144 2077 1386 2162; baseline -0.001 -19"><span class='ocrx_word' id='word_1_93' title='bbox 144 2079 319 2160; x_wconf 88' lang='lat' dir='ltr'>constituit,</span> <span class='ocrx_word' id='word_1_94' title='bbox 343 2080 567 2146; x_wconf 89' lang='lat' dir='ltr'>extendendum</span> <span class='ocrx_word' id='word_1_95' title='bbox 590 2080 635 2144; x_wconf 87' lang='lat' dir='ltr'>ita</span> <span class='ocrx_word' id='word_1_96' title='bbox 659 2099 724 2145; x_wconf 89' lang='lat' dir='ltr'>esse</span> <span class='ocrx_word' id='word_1_97' title='bbox 747 2079 950 2144; x_wconf 88' lang='lat' dir='ltr'>existimavit:</span> <span class='ocrx_word' id='word_1_98' title='bbox 977 2077 1171 2146; x_wconf 70' lang='lat' dir='ltr'>&gt;Curandum</span> <span class='ocrx_word' id='word_1_99' title='bbox 1197 2097 1306 2162; x_wconf 87' lang='lat' dir='ltr'>nempe</span> <span class='ocrx_word' id='word_1_100' title='bbox 1320 2096 1386 2146; x_wconf 87' lang='lat' dir='ltr'>esse</span> 
     </span>
     <span class='ocr_line' id='line_1_14' title="bbox 147 2181 1387 2267; baseline 0.001 -24"><span class='ocrx_word' id='word_1_101' title='bbox 147 2202 221 2266; x_wconf 73' lang='lat' dir='ltr'>apro</span> <span class='ocrx_word' id='word_1_102' title='bbox 240 2183 358 2248; x_wconf 80' lang='lat' dir='ltr'>viribus</span> <span class='ocrx_word' id='word_1_103' title='bbox 378 2185 414 2248; x_wconf 93' lang='lat' dir='ltr'>ut</span> <span class='ocrx_word' id='word_1_104' title='bbox 436 2185 608 2267; x_wconf 82' lang='lat' dir='ltr'>Regulares</span> <span class='ocrx_word' id='word_1_105' title='bbox 630 2184 746 2266; x_wconf 84' lang='lat' dir='ltr'>expulsi</span> <span class='ocrx_word' id='word_1_106' title='bbox 770 2203 788 2248; x_wconf 91' lang='lat' dir='ltr'>a</span> <span class='ocrx_word' id='word_1_107' title='bbox 807 2183 943 2266; x_wconf 87' lang='lat' dir='ltr'>propriis</span> <span class='ocrx_word' id='word_1_108' title='bbox 963 2182 1163 2248; x_wconf 73' lang='lat' dir='ltr'>coniventibus</span> <span class='ocrx_word' id='word_1_109' title='bbox 1175 2182 1295 2247; x_wconf 90' lang='lat' dir='ltr'>inalios</span> <span class='ocrx_word' id='word_1_110' title='bbox 1308 2181 1387 2246; x_wconf 83' lang='lat' dir='ltr'>Con-</span> 
     </span>
     <span class='ocr_line' id='line_1_15' title="bbox 147 2285 1386 2370; baseline 0.002 -24"><span class='ocrx_word' id='word_1_111' title='bbox 147 2289 279 2352; x_wconf 79' lang='lat' dir='ltr'>»ventns</span> <span class='ocrx_word' id='word_1_112' title='bbox 298 2288 490 2364; x_wconf 87' lang='lat' dir='ltr'>collocentur</span> <span class='ocrx_word' id='word_1_113' title='bbox 511 2307 548 2352; x_wconf 87' lang='lat' dir='ltr'>aa</span> <span class='ocrx_word' id='word_1_114' title='bbox 573 2287 770 2370; x_wconf 85' lang='lat' dir='ltr'>recipiantur.</span> <span class='ocrx_word' id='word_1_115' title='bbox 804 2287 964 2367; x_wconf 78' lang='lat' dir='ltr'>Quatenus</span> <span class='ocrx_word' id='word_1_116' title='bbox 987 2305 1058 2351; x_wconf 87' lang='lat' dir='ltr'>vero</span> <span class='ocrx_word' id='word_1_117' title='bbox 1074 2287 1242 2370; x_wconf 83' lang='lat' dir='ltr'>Regulares</span> <span class='ocrx_word' id='word_1_118' title='bbox 1258 2285 1386 2368; x_wconf 83' lang='lat' dir='ltr'>expulsi,</span> 
     </span>
     <span class='ocr_line' id='line_1_16' title="bbox 148 2384 1386 2473; baseline 0.002 -23"><span class='ocrx_word' id='word_1_119' title='bbox 148 2384 348 2473; x_wconf 78' lang='lat' dir='ltr'>»praesertim</span> <span class='ocrx_word' id='word_1_120' title='bbox 370 2391 410 2456; x_wconf 94' lang='lat' dir='ltr'>ob</span> <span class='ocrx_word' id='word_1_121' title='bbox 432 2391 587 2456; x_wconf 86' lang='lat' dir='ltr'>defectum</span> <span class='ocrx_word' id='word_1_122' title='bbox 608 2389 777 2470; x_wconf 88' lang='lat' dir='ltr'>domorum,</span> <span class='ocrx_word' id='word_1_123' title='bbox 802 2391 877 2456; x_wconf 91' lang='lat' dir='ltr'>alibi</span> <span class='ocrx_word' id='word_1_124' title='bbox 901 2391 1043 2456; x_wconf 87' lang='lat' dir='ltr'>collocari</span> <span class='ocrx_word' id='word_1_125' title='bbox 1065 2391 1237 2473; x_wconf 88' lang='lat' dir='ltr'>nequeant,</span> <span class='ocrx_word' id='word_1_126' title='bbox 1260 2407 1386 2454; x_wconf 87' lang='lat' dir='ltr'>concur-</span> 
     </span>
     <span class='ocr_line' id='line_1_17' title="bbox 148 2491 1387 2578; baseline 0.002 -23"><span class='ocrx_word' id='word_1_127' title='bbox 148 2495 309 2559; x_wconf 82' lang='lat' dir='ltr'>›rentibns</span> <span class='ocrx_word' id='word_1_128' title='bbox 330 2494 479 2578; x_wconf 79' lang='lat' dir='ltr'>gravibus</span> <span class='ocrx_word' id='word_1_129' title='bbox 499 2494 653 2578; x_wconf 88' lang='lat' dir='ltr'>justisque</span> <span class='ocrx_word' id='word_1_130' title='bbox 674 2495 798 2573; x_wconf 83' lang='lat' dir='ltr'>nausia,</span> <span class='ocrx_word' id='word_1_131' title='bbox 826 2513 917 2578; x_wconf 90' lang='lat' dir='ltr'>super</span> <span class='ocrx_word' id='word_1_132' title='bbox 946 2495 1057 2578; x_wconf 87' lang='lat' dir='ltr'>quibus</span> <span class='ocrx_word' id='word_1_133' title='bbox 1084 2493 1271 2559; x_wconf 88' lang='lat' dir='ltr'>conscientia</span> <span class='ocrx_word' id='word_1_134' title='bbox 1290 2491 1387 2576; x_wconf 87' lang='lat' dir='ltr'>Supe-</span> 
     </span>
    </p>
   </div>
   <div class='ocr_carea' id='block_1_6' title="bbox 717 2583 719 2592">
    <p class='ocr_par' dir='ltr' id='par_1_6' title="bbox 717 2583 719 2592">
     <span class='ocr_line' id='line_1_18' title="bbox 717 2583 719 2592; baseline 0 0"><span class='ocrx_word' id='word_1_135' title='bbox 717 2583 719 2592; x_wconf 68' lang='lat' dir='ltr'>e</span> 
     </span>
    </p>
   </div>
   <div class='ocr_carea' id='block_1_7' title="bbox 147 2595 1417 2683">
    <p class='ocr_par' dir='ltr' id='par_1_7' title="bbox 147 2595 1417 2683">
     <span class='ocr_line' id='line_1_19' title="bbox 147 2595 1417 2683; baseline 0.002 -24"><span class='ocrx_word' id='word_1_136' title='bbox 147 2597 257 2662; x_wconf 84' lang='lat' dir='ltr'>›rioris</span> <span class='ocrx_word' id='word_1_137' title='bbox 280 2596 440 2663; x_wconf 81' lang='lat' dir='ltr'>Generalis</span> <span class='ocrx_word' id='word_1_138' title='bbox 463 2597 601 2683; x_wconf 84' lang='lat' dir='ltr'>graviter</span> <span class='ocrx_word' id='word_1_139' title='bbox 623 2599 750 2664; x_wconf 89' lang='lat' dir='ltr'>onerata</span> <span class='ocrx_word' id='word_1_140' title='bbox 773 2600 951 2676; x_wconf 88' lang='lat' dir='ltr'>remaneat,</span> <span class='ocrx_word' id='word_1_141' title='bbox 973 2598 1038 2681; x_wconf 90' lang='lat' dir='ltr'>ipse</span> <span class='ocrx_word' id='word_1_142' title='bbox 1058 2597 1203 2680; x_wconf 86' lang='lat' dir='ltr'>Superior</span> <span class='ocrx_word' id='word_1_143' title='bbox 1225 2595 1387 2662; x_wconf 82' lang='lat' dir='ltr'>Generalis</span> <span class='ocrx_word' id='word_1_144' title='bbox 1415 2673 1417 2677; x_wconf 23' lang='lat'>¹</span> 
     </span>
    </p>
   </div>
   <div class='ocr_carea' id='block_1_8' title="bbox 11 2700 1388 2790">
    <p class='ocr_par' dir='ltr' id='par_1_8' title="bbox 11 2700 1388 2790">
     <span class='ocr_line' id='line_1_20' title="bbox 11 2700 1388 2790; baseline -0.001 -24"><span class='ocrx_word' id='word_1_145' title='bbox 11 2779 16 2790; x_wconf 38' lang='grc' dir='ltr'>Ι</span> <span class='ocrx_word' id='word_1_146' title='bbox 147 2700 345 2784; x_wconf 78' lang='lat' dir='ltr'>›Apostolica</span> <span class='ocrx_word' id='word_1_147' title='bbox 368 2701 563 2774; x_wconf 71' lang='lat' dir='ltr'>auctoritate</span> <span class='ocrx_word' id='word_1_148' title='bbox 585 2701 881 2786; x_wconf 86' lang='lat' dir='ltr'>eisdem-indulgere</span> <span class='ocrx_word' id='word_1_149' title='bbox 903 2702 1033 2784; x_wconf 87' lang='lat' dir='ltr'>poterit,</span> <span class='ocrx_word' id='word_1_150' title='bbox 1057 2703 1092 2766; x_wconf 89' lang='lat' dir='ltr'>ut</span> <span class='ocrx_word' id='word_1_151' title='bbox 1115 2719 1239 2766; x_wconf 86' lang='lat' dir='ltr'>manere</span> <span class='ocrx_word' id='word_1_152' title='bbox 1264 2700 1388 2765; x_wconf 86' lang='lat' dir='ltr'>valeant</span> 
     </span>
    </p>
   </div>
   <div class='ocr_carea' id='block_1_9' title="bbox 110 2790 1479 3510">
    <p class='ocr_par' dir='ltr' id='par_1_9' title="bbox 110 2790 1479 3510">
     <span class='ocr_line' id='line_1_21' title="bbox 110 2790 1479 2888; baseline 0.002 -23"><span class='ocrx_word' id='word_1_153' title='bbox 110 2837 114 2842; x_wconf 91' lang='lat'><em>·</em></span> <span class='ocrx_word' id='word_1_154' title='bbox 147 2806 253 2870; x_wconf 77' lang='lat' dir='ltr'>»extra</span> <span class='ocrx_word' id='word_1_155' title='bbox 277 2803 421 2871; x_wconf 84' lang='lat' dir='ltr'>Claustra</span> <span class='ocrx_word' id='word_1_156' title='bbox 442 2806 499 2872; x_wconf 85' lang='lat' dir='ltr'>sub</span> <span class='ocrx_word' id='word_1_157' title='bbox 515 2805 693 2871; x_wconf 87' lang='lat' dir='ltr'>obedientia</span> <span class='ocrx_word' id='word_1_158' title='bbox 712 2804 865 2872; x_wconf 88' lang='lat' dir='ltr'>Ordinarii</span> <span class='ocrx_word' id='word_1_159' title='bbox 886 2805 970 2884; x_wconf 86' lang='lat' dir='ltr'>Loci,</span> <span class='ocrx_word' id='word_1_160' title='bbox 992 2790 1153 2888; x_wconf 82' lang='lat' dir='ltr'>tamquam</span> <span class='ocrx_word' id='word_1_161' title='bbox 1173 2802 1387 2869; x_wconf 86' lang='lat' dir='ltr'>saecularizati</span> <span class='ocrx_word' id='word_1_162' title='bbox 1469 2827 1479 2834; x_wconf 66' lang='lat'>,</span> 
     </span>
     <span class='ocr_line' id='line_1_22' title="bbox 146 2905 1387 3000; baseline 0.002 -31"><span class='ocrx_word' id='word_1_163' title='bbox 146 2907 207 2974; x_wconf 78' lang='lat' dir='ltr'>»ad</span> <span class='ocrx_word' id='word_1_164' title='bbox 227 2909 350 2992; x_wconf 86' lang='lat' dir='ltr'>tempus</span> <span class='ocrx_word' id='word_1_165' title='bbox 367 2909 405 2982; x_wconf 80' lang='lat' dir='ltr'>,et</span> <span class='ocrx_word' id='word_1_166' title='bbox 426 2905 466 2973; x_wconf 88' lang='lat' dir='ltr'>all</span> <span class='ocrx_word' id='word_1_167' title='bbox 489 2910 600 2974; x_wconf 90' lang='lat' dir='ltr'>nutum</span> <span class='ocrx_word' id='word_1_168' title='bbox 626 2927 650 2974; x_wconf 86' lang='lat' dir='ltr'>a.</span> <span class='ocrx_word' id='word_1_169' title='bbox 674 2908 762 2974; x_wconf 90' lang='lat' dir='ltr'>Sedis</span> <span class='ocrx_word' id='word_1_170' title='bbox 775 2928 824 3000; x_wconf 71' lang='lat' dir='ltr'>⁴ac</span> <span class='ocrx_word' id='word_1_171' title='bbox 853 2909 950 2992; x_wconf 87' lang='lat' dir='ltr'>ipsius</span> <span class='ocrx_word' id='word_1_172' title='bbox 984 2908 1174 2992; x_wconf 84' lang='lat' dir='ltr'>Superioris,</span> <span class='ocrx_word' id='word_1_173' title='bbox 1194 2909 1241 2986; x_wconf 51' lang='lat' dir='ltr'>¹in</span> <span class='ocrx_word' id='word_1_174' title='bbox 1276 2906 1387 2972; x_wconf 90' lang='lat' dir='ltr'>habitu</span> 
     </span>
     <span class='ocr_line' id='line_1_23' title="bbox 146 3010 1387 3096; baseline 0.002 -24"><span class='ocrx_word' id='word_1_175' title='bbox 146 3010 338 3094; x_wconf 83' lang='lat' dir='ltr'>›Religioso,</span> <span class='ocrx_word' id='word_1_176' title='bbox 363 3030 399 3077; x_wconf 90' lang='lat' dir='ltr'>ae</span> <span class='ocrx_word' id='word_1_177' title='bbox 420 3013 532 3091; x_wconf 91' lang='lat' dir='ltr'>etiarn,</span> <span class='ocrx_word' id='word_1_178' title='bbox 554 3015 707 3096; x_wconf 87' lang='lat' dir='ltr'>qnatenus</span> <span class='ocrx_word' id='word_1_179' title='bbox 729 3013 775 3078; x_wconf 87' lang='lat' dir='ltr'>ita</span> <span class='ocrx_word' id='word_1_180' title='bbox 795 3013 877 3078; x_wconf 80' lang='lat' dir='ltr'>terat</span> <span class='ocrx_word' id='word_1_181' title='bbox 898 3013 1081 3091; x_wconf 88' lang='lat' dir='ltr'>necessitas,</span> <span class='ocrx_word' id='word_1_182' title='bbox 1106 3012 1136 3076; x_wconf 89' lang='lat' dir='ltr'>in</span> <span class='ocrx_word' id='word_1_183' title='bbox 1162 3011 1272 3077; x_wconf 89' lang='lat' dir='ltr'>habitu</span> <span class='ocrx_word' id='word_1_184' title='bbox 1295 3012 1387 3076; x_wconf 90' lang='lat' dir='ltr'>Pres-</span> 
     </span>
     <span class='ocr_line' id='line_1_24' title="bbox 146 3101 1387 3200; baseline 0.001 -23"><span class='ocrx_word' id='word_1_185' title='bbox 146 3115 267 3200; x_wconf 81' lang='lat' dir='ltr'>›byteri</span> <span class='ocrx_word' id='word_1_186' title='bbox 298 3116 463 3181; x_wconf 88' lang='lat' dir='ltr'>saecularis</span> <span class='ocrx_word' id='word_1_187' title='bbox 486 3116 586 3200; x_wconf 85' lang='lat' dir='ltr'>quoad</span> <span class='ocrx_word' id='word_1_188' title='bbox 609 3115 805 3195; x_wconf 77' lang='lat' dir='ltr'>Sacerdotes,</span> <span class='ocrx_word' id='word_1_189' title='bbox 840 3118 871 3182; x_wconf 91' lang='lat' dir='ltr'>et</span> <span class='ocrx_word' id='word_1_190' title='bbox 900 3116 933 3181; x_wconf 87' lang='lat' dir='ltr'>in</span> <span class='ocrx_word' id='word_1_191' title='bbox 964 3115 1074 3181; x_wconf 86' lang='lat' dir='ltr'>babitu</span> <span class='ocrx_word' id='word_1_192' title='bbox 1100 3101 1221 3193; x_wconf 79' lang='lat' dir='ltr'>laicali,</span> <span class='ocrx_word' id='word_1_193' title='bbox 1252 3113 1387 3180; x_wconf 86' lang='lat' dir='ltr'>modesti</span> 
     </span>
     <span class='ocr_line' id='line_1_25' title="bbox 146 3217 1386 3302; baseline 0.001 -23"><span class='ocrx_word' id='word_1_194' title='bbox 146 3217 291 3298; x_wconf 69' lang='lat' dir='ltr'>»coloris</span> <span class='ocrx_word' id='word_1_195' title='bbox 315 3219 417 3302; x_wconf 89' lang='lat' dir='ltr'>quoad</span> <span class='ocrx_word' id='word_1_196' title='bbox 438 3219 546 3285; x_wconf 86' lang='lat' dir='ltr'>Laicos</span> <span class='ocrx_word' id='word_1_197' title='bbox 568 3239 622 3286; x_wconf 88' lang='lat' dir='ltr'>seu</span> <span class='ocrx_word' id='word_1_198' title='bbox 649 3219 830 3299; x_wconf 84' lang='lat' dir='ltr'>Conversoe,</span> <span class='ocrx_word' id='word_1_199' title='bbox 861 3220 982 3285; x_wconf 87' lang='lat' dir='ltr'>retento</span> <span class='ocrx_word' id='word_1_200' title='bbox 1005 3221 1108 3285; x_wconf 89' lang='lat' dir='ltr'>tamen</span> <span class='ocrx_word' id='word_1_201' title='bbox 1128 3218 1259 3284; x_wconf 91' lang='lat' dir='ltr'>interius</span> <span class='ocrx_word' id='word_1_202' title='bbox 1282 3217 1386 3300; x_wconf 83' lang='lat' dir='ltr'>aliquo</span> 
     </span>
     <span class='ocr_line' id='line_1_26' title="bbox 146 3320 1384 3408; baseline 0.002 -27"><span class='ocrx_word' id='word_1_203' title='bbox 146 3321 256 3406; x_wconf 78' lang='lat' dir='ltr'>»signo</span> <span class='ocrx_word' id='word_1_204' title='bbox 278 3323 405 3388; x_wconf 86' lang='lat' dir='ltr'>babitus</span> <span class='ocrx_word' id='word_1_205' title='bbox 426 3322 574 3408; x_wconf 87' lang='lat' dir='ltr'>religiosi,</span> <span class='ocrx_word' id='word_1_206' title='bbox 597 3325 726 3388; x_wconf 88' lang='lat' dir='ltr'>servatis</span> <span class='ocrx_word' id='word_1_207' title='bbox 748 3325 900 3407; x_wconf 85' lang='lat' dir='ltr'>quantum</span> <span class='ocrx_word' id='word_1_208' title='bbox 922 3323 988 3388; x_wconf 89' lang='lat' dir='ltr'>lieri</span> <span class='ocrx_word' id='word_1_209' title='bbox 1003 3323 1107 3406; x_wconf 89' lang='lat' dir='ltr'>potest</span> <span class='ocrx_word' id='word_1_210' title='bbox 1126 3320 1384 3387; x_wconf 85' lang='lat' dir='ltr'>substantialibus</span> 
     </span>
     <span class='ocr_line' id='line_1_27' title="bbox 145 3423 1384 3510; baseline 0.002 -25"><span class='ocrx_word' id='word_1_211' title='bbox 145 3427 322 3504; x_wconf 83' lang='lat' dir='ltr'>«votorum,</span> <span class='ocrx_word' id='word_1_212' title='bbox 355 3445 391 3492; x_wconf 88' lang='lat' dir='ltr'>ao</span> <span class='ocrx_word' id='word_1_213' title='bbox 421 3426 567 3492; x_wconf 85' lang='lat' dir='ltr'>relaxatis</span> <span class='ocrx_word' id='word_1_214' title='bbox 589 3427 706 3509; x_wconf 86' lang='lat' dir='ltr'>regulis</span> <span class='ocrx_word' id='word_1_215' title='bbox 729 3445 808 3510; x_wconf 90' lang='lat' dir='ltr'>quae</span> <span class='ocrx_word' id='word_1_216' title='bbox 831 3445 901 3492; x_wconf 89' lang='lat' dir='ltr'>cnm</span> <span class='ocrx_word' id='word_1_217' title='bbox 922 3445 1000 3492; x_wconf 85' lang='lat' dir='ltr'>navo</span> <span class='ocrx_word' id='word_1_218' title='bbox 1023 3445 1129 3492; x_wconf 90' lang='lat' dir='ltr'>eornm</span> <span class='ocrx_word' id='word_1_219' title='bbox 1150 3426 1236 3490; x_wconf 91' lang='lat' dir='ltr'>statu</span> <span class='ocrx_word' id='word_1_220' title='bbox 1258 3423 1384 3488; x_wconf 90' lang='lat' dir='ltr'>minime</span> 
     </span>
    </p>
   </div>
   <div class='ocr_carea' id='block_1_10' title="bbox 143 3527 1520 3614">
    <p class='ocr_par' dir='ltr' id='par_1_10' title="bbox 143 3527 1520 3614">
     <span class='ocr_line' id='line_1_28' title="bbox 143 3527 1520 3614; baseline 0.001 -26"><span class='ocrx_word' id='word_1_221' title='bbox 143 3529 281 3594; x_wconf 79' lang='lat' dir='ltr'>»inerint</span> <span class='ocrx_word' id='word_1_222' title='bbox 309 3529 555 3613; x_wconf 67' lang='lat' dir='ltr'>competibiles«</span> <span class='ocrx_word' id='word_1_223' title='bbox 607 3529 685 3596; x_wconf 82' lang='lat' dir='ltr'>Cum</span> <span class='ocrx_word' id='word_1_224' title='bbox 717 3549 786 3596; x_wconf 82' lang='lat' dir='ltr'>vero</span> <span class='ocrx_word' id='word_1_225' title='bbox 820 3551 856 3596; x_wconf 90' lang='lat' dir='ltr'>ex</span> <span class='ocrx_word' id='word_1_226' title='bbox 889 3530 1068 3614; x_wconf 88' lang='lat' dir='ltr'>hujusmodi</span> <span class='ocrx_word' id='word_1_227' title='bbox 1089 3528 1265 3614; x_wconf 72' lang='lat' dir='ltr'>¹Religiosis</span> <span class='ocrx_word' id='word_1_228' title='bbox 1298 3527 1385 3592; x_wconf 90' lang='lat' dir='ltr'>extra</span> <span class='ocrx_word' id='word_1_229' title='bbox 1512 3547 1520 3552; x_wconf 89' lang='lat'>·</span> 
     </span>
    </p>
   </div>
   <div class='ocr_carea' id='block_1_11' title="bbox 138 3632 1438 4656">
    <p class='ocr_par' dir='ltr' id='par_1_11' title="bbox 138 3632 1438 4656">
     <span class='ocr_line' id='line_1_29' title="bbox 142 3632 1383 3718; baseline -0.003 -20"><span class='ocrx_word' id='word_1_230' title='bbox 142 3633 290 3698; x_wconf 81' lang='lat' dir='ltr'>Claustra</span> <span class='ocrx_word' id='word_1_231' title='bbox 311 3634 573 3700; x_wconf 85' lang='lat' dir='ltr'>commorantibus</span> <span class='ocrx_word' id='word_1_232' title='bbox 596 3635 677 3699; x_wconf 88' lang='lat' dir='ltr'>haud</span> <span class='ocrx_word' id='word_1_233' title='bbox 703 3633 792 3718; x_wconf 83' lang='lat' dir='ltr'>panici</span> <span class='ocrx_word' id='word_1_234' title='bbox 814 3635 1022 3713; x_wconf 87' lang='lat' dir='ltr'>inveniantur,</span> <span class='ocrx_word' id='word_1_235' title='bbox 1046 3634 1099 3717; x_wconf 91' lang='lat' dir='ltr'>qui</span> <span class='ocrx_word' id='word_1_236' title='bbox 1119 3632 1303 3716; x_wconf 87' lang='lat' dir='ltr'>adjutricem</span> <span class='ocrx_word' id='word_1_237' title='bbox 1319 3649 1383 3695; x_wconf 89' lang='lat' dir='ltr'>ma·</span> 
     </span>
     <span class='ocr_line' id='line_1_30' title="bbox 139 3726 1384 3822; baseline -0.003 -20"><span class='ocrx_word' id='word_1_238' title='bbox 139 3756 215 3802; x_wconf 88' lang='lat' dir='ltr'>nuru</span> <span class='ocrx_word' id='word_1_239' title='bbox 235 3735 407 3802; x_wconf 86' lang='lat' dir='ltr'>Ordiaariis</span> <span class='ocrx_word' id='word_1_240' title='bbox 431 3737 552 3802; x_wconf 89' lang='lat' dir='ltr'>utiliter</span> <span class='ocrx_word' id='word_1_241' title='bbox 574 3739 720 3822; x_wconf 89' lang='lat' dir='ltr'>praebere</span> <span class='ocrx_word' id='word_1_242' title='bbox 743 3739 871 3822; x_wconf 92' lang='lat' dir='ltr'>possunt</span> <span class='ocrx_word' id='word_1_243' title='bbox 893 3726 926 3802; x_wconf 89' lang='lat' dir='ltr'>in</span> <span class='ocrx_word' id='word_1_244' title='bbox 949 3739 1121 3802; x_wconf 88' lang='lat' dir='ltr'>animarum</span> <span class='ocrx_word' id='word_1_245' title='bbox 1144 3736 1244 3800; x_wconf 90' lang='lat' dir='ltr'>salute</span> <span class='ocrx_word' id='word_1_246' title='bbox 1268 3752 1384 3818; x_wconf 63' lang='lat' dir='ltr'>vprocu·</span> 
     </span>
     <span class='ocr_line' id='line_1_31' title="bbox 139 3839 1382 3925; baseline -0.003 -19"><span class='ocrx_word' id='word_1_247' title='bbox 139 3839 248 3917; x_wconf 81' lang='lat' dir='ltr'>nanda,</span> <span class='ocrx_word' id='word_1_248' title='bbox 269 3840 352 3906; x_wconf 91' lang='lat' dir='ltr'>hand</span> <span class='ocrx_word' id='word_1_249' title='bbox 374 3841 429 3905; x_wconf 85' lang='lat' dir='ltr'>aba</span> <span class='ocrx_word' id='word_1_250' title='bbox 451 3860 483 3907; x_wconf 89' lang='lat' dir='ltr'>re</span> <span class='ocrx_word' id='word_1_251' title='bbox 505 3840 607 3907; x_wconf 88' lang='lat' dir='ltr'>visum</span> <span class='ocrx_word' id='word_1_252' title='bbox 630 3844 686 3919; x_wconf 90' lang='lat' dir='ltr'>est,</span> <span class='ocrx_word' id='word_1_253' title='bbox 711 3844 746 3907; x_wconf 90' lang='lat' dir='ltr'>ut</span> <span class='ocrx_word' id='word_1_254' title='bbox 768 3843 791 3906; x_wconf 94' lang='lat' dir='ltr'>ii</span> <span class='ocrx_word' id='word_1_255' title='bbox 814 3842 949 3920; x_wconf 89' lang='lat' dir='ltr'>interim,</span> <span class='ocrx_word' id='word_1_256' title='bbox 972 3841 1068 3907; x_wconf 93' lang='lat' dir='ltr'>donec</span> <span class='ocrx_word' id='word_1_257' title='bbox 1089 3840 1265 3925; x_wconf 85' lang='lat' dir='ltr'>praesentia</span> <span class='ocrx_word' id='word_1_258' title='bbox 1279 3857 1382 3902; x_wconf 88' lang='lat' dir='ltr'>rerum</span> 
     </span>
     <span class='ocr_line' id='line_1_32' title="bbox 140 3943 1384 4029; baseline -0.002 -19"><span class='ocrx_word' id='word_1_259' title='bbox 140 3944 290 4029; x_wconf 75' lang='lat' dir='ltr'>adJaneta</span> <span class='ocrx_word' id='word_1_260' title='bbox 307 3944 555 4027; x_wconf 88' lang='lat' dir='ltr'>perduraverint,</span> <span class='ocrx_word' id='word_1_261' title='bbox 578 3945 611 4011; x_wconf 90' lang='lat' dir='ltr'>in</span> <span class='ocrx_word' id='word_1_262' title='bbox 635 3946 721 4012; x_wconf 87' lang='lat' dir='ltr'>vinea</span> <span class='ocrx_word' id='word_1_263' title='bbox 743 3945 867 4012; x_wconf 87' lang='lat' dir='ltr'>Domini</span> <span class='ocrx_word' id='word_1_264' title='bbox 890 3945 1053 4011; x_wconf 90' lang='lat' dir='ltr'>excolenda</span> <span class='ocrx_word' id='word_1_265' title='bbox 1074 3943 1232 4009; x_wconf 89' lang='lat' dir='ltr'>mandatis</span> <span class='ocrx_word' id='word_1_266' title='bbox 1252 3943 1384 4009; x_wconf 89' lang='lat' dir='ltr'>Ordina-</span> 
     </span>
     <span class='ocr_line' id='line_1_33' title="bbox 140 4042 1384 4132; baseline -0.002 -18"><span class='ocrx_word' id='word_1_267' title='bbox 140 4049 275 4126; x_wconf 89' lang='lat' dir='ltr'>riornm,</span> <span class='ocrx_word' id='word_1_268' title='bbox 298 4048 354 4113; x_wconf 89' lang='lat' dir='ltr'>sub</span> <span class='ocrx_word' id='word_1_269' title='bbox 377 4067 506 4132; x_wconf 89' lang='lat' dir='ltr'>quornm</span> <span class='ocrx_word' id='word_1_270' title='bbox 526 4049 700 4116; x_wconf 88' lang='lat' dir='ltr'>obedientia</span> <span class='ocrx_word' id='word_1_271' title='bbox 724 4051 848 4129; x_wconf 83' lang='lat' dir='ltr'>vivunt,</span> <span class='ocrx_word' id='word_1_272' title='bbox 882 4050 1093 4132; x_wconf 86' lang='lat' dir='ltr'>obtemperent</span> <span class='ocrx_word' id='word_1_273' title='bbox 1126 4067 1196 4112; x_wconf 88' lang='lat' dir='ltr'>eum</span> <span class='ocrx_word' id='word_1_274' title='bbox 1224 4046 1323 4131; x_wconf 89' lang='lat' dir='ltr'>quood</span> <span class='ocrx_word' id='word_1_275' title='bbox 1347 4042 1384 4112; x_wconf 88' lang='lat' dir='ltr'>ea</span> 
     </span>
     <span class='ocr_line' id='line_1_34' title="bbox 140 4150 1383 4237; baseline -0.003 -19"><span class='ocrx_word' id='word_1_276' title='bbox 140 4172 218 4237; x_wconf 88' lang='lat' dir='ltr'>quae</span> <span class='ocrx_word' id='word_1_277' title='bbox 237 4169 363 4216; x_wconf 28' lang='lat' dir='ltr'>,sacrum</span> <span class='ocrx_word' id='word_1_278' title='bbox 387 4152 603 4232; x_wconf 89' lang='lat' dir='ltr'>ministerium,</span> <span class='ocrx_word' id='word_1_279' title='bbox 627 4155 694 4218; x_wconf 90' lang='lat' dir='ltr'>turn</span> <span class='ocrx_word' id='word_1_280' title='bbox 718 4154 879 4236; x_wconf 88' lang='lat' dir='ltr'>praecipue</span> <span class='ocrx_word' id='word_1_281' title='bbox 902 4152 1002 4236; x_wconf 92' lang='lat' dir='ltr'>quoad</span> <span class='ocrx_word' id='word_1_282' title='bbox 1024 4171 1068 4228; x_wconf 88' lang='lat' dir='ltr'>ea,</span> <span class='ocrx_word' id='word_1_283' title='bbox 1092 4171 1170 4236; x_wconf 77' lang='lat' dir='ltr'>qliae</span> <span class='ocrx_word' id='word_1_284' title='bbox 1186 4170 1293 4216; x_wconf 89' lang='lat' dir='ltr'>curam</span> <span class='ocrx_word' id='word_1_285' title='bbox 1315 4150 1383 4226; x_wconf 86' lang='lat' dir='ltr'>ani·</span> 
     </span>
     <span class='ocr_line' id='line_1_35' title="bbox 139 4253 1383 4338; baseline -0.003 -16"><span class='ocrx_word' id='word_1_286' title='bbox 139 4273 262 4322; x_wconf 89' lang='lat' dir='ltr'>marum</span> <span class='ocrx_word' id='word_1_287' title='bbox 285 4254 463 4338; x_wconf 89' lang='lat' dir='ltr'>respiciunt.</span> <span class='ocrx_word' id='word_1_288' title='bbox 511 4253 611 4336; x_wconf 84' lang='lat' dir='ltr'>Quare</span> <span class='ocrx_word' id='word_1_289' title='bbox 635 4255 781 4322; x_wconf 87' lang='lat' dir='ltr'>SSmmus</span> <span class='ocrx_word' id='word_1_290' title='bbox 802 4257 951 4321; x_wconf 87' lang='lat' dir='ltr'>Dominus</span> <span class='ocrx_word' id='word_1_291' title='bbox 975 4256 1090 4321; x_wconf 88' lang='lat' dir='ltr'>Noster</span> <span class='ocrx_word' id='word_1_292' title='bbox 1112 4257 1175 4322; x_wconf 88' lang='lat' dir='ltr'>Leo</span> <span class='ocrx_word' id='word_1_293' title='bbox 1191 4254 1296 4320; x_wconf 87' lang='lat' dir='ltr'>divina</span> <span class='ocrx_word' id='word_1_294' title='bbox 1314 4273 1383 4338; x_wconf 89' lang='lat' dir='ltr'>pro·</span> 
     </span>
     <span class='ocr_line' id='line_1_36' title="bbox 138 4358 1384 4440; baseline -0.004 -15"><span class='ocrx_word' id='word_1_295' title='bbox 138 4359 280 4425; x_wconf 84' lang='lat' dir='ltr'>videntia</span> <span class='ocrx_word' id='word_1_296' title='bbox 302 4360 364 4424; x_wconf 90' lang='grc' dir='ltr'>ΡΡ.</span> <span class='ocrx_word' id='word_1_297' title='bbox 388 4359 484 4438; x_wconf 83' lang='grc' dir='ltr'>ΧΙΙΙ,</span> <span class='ocrx_word' id='word_1_298' title='bbox 515 4360 564 4424; x_wconf 90' lang='lat' dir='ltr'>cul</span> <span class='ocrx_word' id='word_1_299' title='bbox 592 4360 702 4425; x_wconf 89' lang='lat' dir='ltr'>relatio</span> <span class='ocrx_word' id='word_1_300' title='bbox 733 4360 771 4424; x_wconf 90' lang='lat' dir='ltr'>de</span> <span class='ocrx_word' id='word_1_301' title='bbox 802 4361 859 4424; x_wconf 87' lang='lat' dir='ltr'>hac</span> <span class='ocrx_word' id='word_1_302' title='bbox 889 4379 922 4424; x_wconf 87' lang='lat' dir='ltr'>re</span> <span class='ocrx_word' id='word_1_303' title='bbox 945 4359 1030 4424; x_wconf 84' lang='lat' dir='ltr'>facta</span> <span class='ocrx_word' id='word_1_304' title='bbox 1053 4363 1101 4426; x_wconf 89' lang='lat' dir='ltr'>est</span> <span class='ocrx_word' id='word_1_305' title='bbox 1123 4359 1162 4425; x_wconf 91' lang='lat' dir='ltr'>ab</span> <span class='ocrx_word' id='word_1_306' title='bbox 1185 4358 1384 4440; x_wconf 85' lang='lat' dir='ltr'>infrascripto</span> 
     </span>
     <span class='ocr_line' id='line_1_37' title="bbox 138 4458 1438 4546; baseline -0.007 -16"><span class='ocrx_word' id='word_1_307' title='bbox 138 4462 312 4530; x_wconf 86' lang='lat' dir='ltr'>Secretario</span> <span class='ocrx_word' id='word_1_308' title='bbox 335 4463 510 4546; x_wconf 86' lang='lat' dir='ltr'>praedictae</span> <span class='ocrx_word' id='word_1_309' title='bbox 533 4481 638 4529; x_wconf 90' lang='lat' dir='ltr'>sacrae</span> <span class='ocrx_word' id='word_1_310' title='bbox 661 4461 917 4546; x_wconf 80' lang='lat' dir='ltr'>Congregationis</span> <span class='ocrx_word' id='word_1_311' title='bbox 931 4461 963 4525; x_wconf 91' lang='lat' dir='ltr'>in</span> <span class='ocrx_word' id='word_1_312' title='bbox 979 4461 1289 4528; x_wconf 66' lang='lat' dir='ltr'>Audientiadieidil.</span> <span class='ocrx_word' id='word_1_313' title='bbox 1302 4458 1383 4526; x_wconf 86' lang='lat' dir='ltr'>Julii</span> <span class='ocrx_word' id='word_1_314' title='bbox 1436 4526 1438 4530; x_wconf 11' lang='grc' dir='ltr'><em>Α</em></span> 
     </span>
     <span class='ocr_line' id='line_1_38' title="bbox 140 4563 1388 4656; baseline -0.005 -26"><span class='ocrx_word' id='word_1_315' title='bbox 140 4585 220 4639; x_wconf 86' lang='lat' dir='ltr'>onrr.</span> <span class='ocrx_word' id='word_1_316' title='bbox 244 4565 439 4650; x_wconf 81' lang='lat' dir='ltr'>anni1881,</span> <span class='ocrx_word' id='word_1_317' title='bbox 470 4585 618 4656; x_wconf 85' lang='lat' dir='ltr'>perpensa</span> <span class='ocrx_word' id='word_1_318' title='bbox 646 4565 918 4638; x_wconf 79' lang='lat' dir='ltr'>uniuersa-reram</span> <span class='ocrx_word' id='word_1_319' title='bbox 939 4565 1077 4648; x_wconf 85' lang='lat' dir='ltr'>ratione,</span> <span class='ocrx_word' id='word_1_320' title='bbox 1110 4563 1323 4633; x_wconf 77' lang='lat' dir='ltr'>declarantium</span> <span class='ocrx_word' id='word_1_321' title='bbox 1346 4570 1388 4626; x_wconf 69' lang='lat' dir='ltr'>ac‘</span> 
     </span>
    </p>
   </div>
   <div class='ocr_carea' id='block_1_12' title="bbox 0 0 1542 4888">
    <p class='ocr_par' dir='ltr' id='par_1_12' title="bbox 0 0 1542 4888">
     <span class='ocr_line' id='line_1_39' title="bbox 0 0 1542 4888; baseline 0 0"><span class='ocrx_word' id='word_1_322' title='bbox 0 0 1542 4888; x_wconf 95' lang='lat' dir='ltr'> </span> 
     </span>
    </p>
   </div>
  </div>
 </body>
</html>
